3000 5070
703 469 741 529 19

172 647 307 714 interest
327 646 463 727 aliquid:
487 665 562 711 nam
583 646 768 728 scriptorem
790 646 972 713 definitione
992 652 1154 729 postrema
1166 647 1271 729 sophi·

172 752 243 814 stae
262 753 411 814 naturam
433 748 596 815 absolvere
616 751 650 812 ot
669 748 806 814 voluisse
820 752 853 814 et
872 750 1012 830 potuisse
1026 769 1098 815 cum
1113 751 1273 830 plerisque

172 852 266 928 putat
286 849 459 926 Bonitzius,
483 849 622 913 voluisse
643 849 699 914 sed
720 865 783 914 non
802 848 1272 930 potuisseSchaarschmidtius,

173 968 214 1014 ne
235 950 376 1016 voluisse
398 949 526 1029 quidem
549 966 606 1013 nos
629 967 800 1014 censemus.
824 985 860 994 —
886 948 937 1015 Sic
957 954 1047 1014 stant
1067 949 1159 1016 acics.

109 1125 111 1128 ¹
273 1050 455 1129 Antequam
470 1049 637 1130 septimam
654 1048 866 1115 definitionem
880 1049 1068 1127 excutimus,
1090 1051 1155 1114 alia
1175 1067 1272 1130 quae

171 1150 245 1214 dam
266 1152 376 1214 contra
397 1150 576 1214 Bonitzium
592 1150 829 1229 praemittenda
848 1155 932 1216 sunt.
974 1149 1089 1216 Censet
1101 1149 1271 1228 Bonitzius,

172 1247 338 1314 Platonem
359 1249 392 1312 in
414 1249 474 1314 hec
497 1249 609 1315 ultima
631 1248 810 1316 definitione
829 1251 1016 1316 invenienda
1044 1251 1143 1317 alium
1172 1255 1206 1316 et
1227 1249 1272 1315 di·

172 1368 299 1415 versum
323 1367 451 1415 cursum
472 1353 590 1428 tenere,
614 1369 710 1432 quam
731 1351 764 1415 in
785 1351 923 1431 rquuis.
945 1351 1010 1416 illic
1030 1353 1114 1416 enim
1136 1370 1209 1416 eum
1231 1351 1273 1417 ab

171 1450 319 1515 universa
339 1450 466 1514 notione
496 1451 538 1515 ad
567 1449 742 1531 sophistam
769 1450 968 1529 descendere,
1001 1451 1053 1516 hic
1078 1469 1098 1515 a
1120 1450 1274 1531 singulari

171 1556 248 1615 nota
274 1552 361 1616 exire
390 1551 616 1630 inventumque
637 1551 765 1615 demum
797 1552 1017 1633 ‘aliquatenus'
1031 1555 1070 1630 14)
1097 1551 1273 1633 sophistam

171 1652 375 1717 divisionibus
397 1652 476 1716 artis
495 1651 613 1717 notioni
633 1651 772 1716 inserere
785 1652 829 1734 (p.
843 1657 903 1716 307
916 1654 988 1735 sq).
1006 1654 1090 1734 quod
1109 1671 1273 1734 1011101-

171 1769 225 1816 sus
244 1769 355 1817 verum
378 1757 437 1817 est.
462 1753 543 1818 sicut
572 1753 657 1817 enim
687 1753 721 1817 in
742 1751 921 1820 delinitione
940 1758 1033 1818 sexta
1053 1771 1073 1817 a
1095 1751 1274 1818 domesticis

172 1851 360 1930 quibusdam
373 1852 505 1933 negotiis
518 1853 611 1917 226ss
630 1853 671 1918 ad
689 1848 890 1937 διακριτικήν
903 1853 1139 1932 ascendebatur,
1162 1851 1274 1917 deinde

171 1949 212 2014 ab
233 1950 294 2014 hac
313 1968 370 2032 per
392 1945 598 2034 καθαρτικήν
619 1952 745 2033 aliaque
763 1951 910 2033 deinceps
929 1953 1072 2018 membra
1091 1953 1133 2017 ad
1149 1969 1273 2032 germa-

171 2069 247 2116 num
262 2051 350 2115 illurn
367 2050 541 2133 sophistam
556 2052 813 2130 descendebatur,
836 2054 947 2118 eodem
967 2054 1061 2120 modo
1082 2053 1115 2118 in
1136 2052 1273 2134 septima

172 2152 212 2217 ab
234 2157 304 2218 arte
327 2152 567 2218 ‘contradicendi
590 2155 657 2218 sine
678 2153 863 2235 cognitione‘
885 2154 1067 2219 ascenditur
1083 2153 1125 2218 ad
1139 2147 1274 2217 εἰδωλο-

172 2247 307 2338 ποιϊκήν
322 2253 419 2317 235ss
442 2271 498 2318 seu
518 2247 693 2337 μιμητικήν
707 2258 767 2318 235
782 2254 815 2331 O,
844 2254 957 2319 deinde
980 2271 1055 2318 vero
1068 2254 1186 2333 hospes
1207 2252 1272 2316 iarn

174 2354 216 2418 ad
228 2355 401 2435 sophistam
417 2354 625 2420 descensurus
639 2355 767 2435 iamque
786 2354 825 2420 de
841 2373 877 2420 eo
900 2354 1156 2436 triumphaturus
1167 2357 1227 2417 235
1238 2351 1273 2430 G,

171 2453 249 2518 dum
263 2453 396 2531 dubitat,
421 2455 486 2518 utri
504 2449 760 2537 εἰδωλοποιϊκῆς
780 2455 876 2534 parti,
900 2447 1068 2540 εἰκαστικῇ
1091 2472 1133 2518 an
1155 2475 1274 2541 φαντα-

173 2554 267 2641 στικῇ
298 2554 389 2618 illum
422 2554 547 2633 subdat,
578 2554 682 2618 subito
711 2553 806 2619 2360
834 2553 1098 2620 circumfunditur
1125 2554 1273 2633 tenebris,

173 2654 287 2735 quibus
317 2654 539 2720 collustrandis
569 2659 639 2721 tota
659 2655 777 2736 dialogi
804 2673 881 2736 pars
900 2655 1021 2721 inclusa
1043 2653 1207 2738 (IlABG)
1227 2655 1273 2719 in·

172 2755 279 2820 servit.
301 2755 494 2836 simulatque
516 2773 590 2820 1010
610 2755 689 2819 haec
710 2755 789 2820 satis
813 2755 950 2820 enodata
964 2759 1048 2835 sunt,
1071 2755 1218 2819 omissam
1235 2754 1275 2818 de

172 2854 314 2936 sophista
343 2855 590 2937 disputationem
621 2847 731 2919 eodem
752 2859 879 2936 puncto,
910 2873 972 2937 qno
993 2855 1130 2936 reliquit,
1153 2853 1274 2935 recipit,

173 2958 219 3022 ita
240 2961 277 3022 ut
301 2959 414 3038 siqua
436 2959 584 3042 peritiore
604 2976 701 3023 manu
722 2962 925 3023 exsecraretur
944 2962 1014 3023 tota
1032 2957 1091 3023 illa
1114 2974 1189 3039 pars
1209 2973 1275 3020 mc·

175 3057 238 3140 dia,
259 3057 314 3124 vix
336 3060 509 3125 sentiretur
527 3061 653 3124 lacuna.
676 3060 761 3139 quod
781 3076 857 3124 vero
876 3058 990 3123 deinde
1008 3058 1049 3123 ab
1069 3052 1276 3122 εἶδωλοποιϊ-

173 3160 213 3246 ap}
246 3176 309 3222 non
336 3159 446 3223 statim
475 3160 517 3225 ad
548 3158 721 3240 sophistam
751 3158 962 3237 descenditur,
993 3157 1048 3222 sed
1077 3161 1172 3222 antea
1191 3154 1276 3219 illius

173 3258 262 3340 origo
284 3278 304 3324 a
325 3260 480 3346 ποιητικῇ
500 3261 667 3340 repetitur,
690 3258 730 3338 id,
744 3277 814 3322 cum
831 3259 960 3323 modum
975 3273 1038 3336 quo
1053 3255 1091 3320 fit
1103 3253 1274 3330 considero,

174 3359 243 3424 leve
275 3358 351 3423 mihi
380 3360 561 3442 nulliusque
591 3359 658 3426 1010
685 3360 836 3425 momenti
862 3358 990 3424 videtur
1017 3374 1097 3423 esse.
1127 3353 1277 3436 —quod

173 3461 300 3541 quidem
330 3466 553 3544 argumentum
580 3463 760 3544 precarium
788 3465 847 3526 est.
878 3461 934 3526 sed
962 3461 995 3526 in
1022 3458 1102 3524 artis
1128 3455 1276 3538 operibus

175 3560 367 3643 explicandis
401 3566 587 3641 occurrunt,
623 3563 656 3627 in
687 3562 802 3644 quibus
834 3560 1099 3642 acquiescendum
1129 3559 1277 3623 videatur

173 3680 242 3729 esse
260 3663 431 3730 lectoribus
452 3665 494 3729 ad
515 3683 609 3730 suum
631 3657 1275 3746 101011000011000101111(1010301101).

274 3946 320 4011 34)
338 3962 366 4014 p.
380 3947 445 4000 310:
475 3949 542 4001 ‘srst
559 3947 696 4003 nsohdsm
713 3948 759 4002 die
776 3947 849 4002 nach
867 3947 918 4002 der
941 3945 1058 4001 aweiten
1075 3942 1210 4000 Methode
1229 3956 1276 4013 gs-

176 4031 275 4087 suchte
293 4030 448 4089 Definition
472 4035 576 4090 bereits
601 4053 642 4090 au
670 4036 784 4091 einem
805 4036 1046 4090 bestimmten
1064 4032 1276 4088 Abschlnss

174 4119 290 4190 gelangt
306 4120 353 4174 ist‘
372 4125 425 4175 etc.

274 4208 321 4277 31)
336 4207 428 4263 Multo
441 4207 533 4262 minus
545 4207 715 4262 luctaremur·
730 4206 760 4261 in
772 4204 920 4260 refutanda
938 4209 967 4260 et
978 4204 1101 4259 Bonitsii
1112 4210 1140 4260 et
1158 4205 1277 4260 aliorum

174 4294 210 4350 de
230 4294 415 4350 divisionibus
432 4295 574 4366 opinione,
594 4295 619 4348 si
630 4294 712 4349 nobis
731 4293 816 4350 licere
833 4297 997 4364 putaremus
1013 4296 1180 4364 argumenta
1197 4309 1277 4364 reps-

173 4385 235 4439 1010
252 4399 273 4456 q
286 4382 407 4440 Politiso
424 4384 539 4454 eiusque
557 4382 751 4438 divisionibus.
776 4382 826 4438 nbi
843 4398 901 4438 non
918 4381 1011 4438 solum
1035 4380 1106 4436 nihil
1124 4381 1277 4452 reperitur,

175 4471 249 4542 quod
268 4471 388 4529 Bonitcii
406 4473 544 4529 rationem
563 4471 653 4543 possit
670 4470 791 4536 firmsrs,
812 4503 844 4514 ··
863 4470 949 4541 idque
966 4470 997 4526 in
1014 4469 1066 4527 hac
1090 4487 1124 4525 rs
1140 4469 1215 4531 idern
1232 4474 1278 4527 est
