3000 5070
741 429 781 491 50

206 614 239 674 et
257 609 412 675 unitatem
435 612 467 673 et
482 609 699 690 incorpoream
722 608 900 687 essentiam,
925 610 970 674 ita
984 612 1029 691 ut,
1052 629 1126 676 cum
1148 611 1221 678 idea
1232 613 1305 678 Pla-

204 711 310 775 tonica
335 712 377 774 sit
404 708 557 790 quidquid
584 709 701 774 habeat
734 710 953 790 incorpoream
986 712 1165 791 essentiam,
1200 711 1304 779 dicere

206 812 316 891 possis,
339 810 398 876 hoc
410 809 489 875 libro
511 810 757 876 demonstrando
780 816 993 892 expugnatam
1015 815 1047 877 et
1069 817 1178 877 contra
1202 814 1305 878 vario-

205 930 276 976 rum
307 910 562 976 adversariorum
593 910 783 977 obiectiones
815 910 975 977 firmatam
1006 913 1133 992 prodire
1165 913 1305 978 omnium

204 1013 349 1093 primam,
372 1015 484 1092 utpote
508 1011 666 1076 dominam
687 1016 720 1076 et
740 1017 884 1092 matrem,
907 1015 966 1077 τσῦ
989 1002 1087 1090 άντσς
1107 1015 1221 1080 ideam.
1249 1013 1305 1079 sed

205 1112 354 1191 quoniam
376 1111 455 1177 haec
475 1113 545 1192 ipsa
566 1113 647 1177 entis
670 1112 741 1179 idea
760 1120 793 1177 et
812 1115 960 1179 motionis
984 1118 1017 1178 et
1035 1115 1182 1180 stationis
1203 1115 1303 1195 parti·

204 1230 277 1293 ceps
309 1212 351 1278 sit
376 1231 504 1278 necesse
533 1215 590 1290 est,
625 1217 769 1293 apparet,
803 1213 999 1280 conclusione
1031 1215 1205 1294 Platonica,
1240 1231 1304 1279 non

205 1314 310 1379 minus
333 1314 413 1380 alias
435 1331 504 1380 esse
524 1313 604 1379 duas
626 1314 722 1391 ideas
745 1311 868 1398 κίνησιν
890 1321 924 1380 et
950 1308 1073 1380 στάσιν.
1105 1316 1185 1382 haec
1203 1316 1304 1398 igitur

206 1415 269 1480 tria
281 1414 518 1480 demonstratur
530 1431 600 1480 esse
612 1401 714 1490 άντως
728 1401 818 1478 drzu:
841 1411 964 1498 κίνησιν
980 1419 1013 1480 et
1026 1409 1143 1480 στάσιν
1157 1419 1189 1479 et
1199 1416 1304 1496 ipsum

202 1505 241 1577 τό
267 1501 305 1577 άν
325 1515 386 1595 vel,
402 1520 440 1580 ut
452 1513 684 1594 distinguamus
703 1530 784 1593 quae
805 1532 868 1578 non
890 1514 995 1580 verbis
1017 1515 1074 1579 sed
1097 1533 1132 1578 re
1152 1515 1303 1581 distincta

206 1632 226 1678 a
245 1614 379 1678 Platone
402 1614 549 1692 diximus,
572 1608 611 1676 τά
633 1603 724 1678 εἶναι.
768 1614 837 1679 Iam
859 1633 935 1680 uero
959 1614 1038 1680 haec
1059 1616 1122 1680 tria
1145 1634 1207 1680 non
1231 1618 1302 1680 tan·

204 1730 301 1793 quam
327 1717 391 1780 tria
426 1733 558 1796 corpora
585 1732 655 1781 sese
685 1715 817 1780 invicem
836 1714 1008 1780 excludunt
1029 1718 1062 1778 et
1080 1716 1302 1796 determinant,

203 1815 258 1880 sed
279 1817 371 1880 modo
396 1814 526 1882 mirifico
548 1816 635 1880 aliud
662 1816 743 1881 alius
765 1833 824 1895 ope
844 1815 995 1896 indigent.
1027 1815 1197 1896 participia
1219 1816 1302 1880 enim

203 1909 337 1980 suntad
361 1903 574 1999 donandorum
595 1920 628 1980 et
650 1906 805 1991 στάσεως,
831 1911 957 1998 κίνησις
979 1919 1012 1980 et
1035 1907 1148 1990 στάσις
1168 1915 1227 1977 τοῦ
1250 1901 1301 1978 άν-

202 2038 268 2093 τσς,
292 2017 339 2081 ita
360 2020 397 2081 ut
419 2016 505 2081 aliud
526 2017 569 2081 sit
592 2015 679 2080 aliud
702 2034 760 2081 nec
782 2020 889 2081 tamen
910 2016 962 2095 sit,
987 2015 1217 2096 videanturque
1237 2015 1303 2080 tria

202 2116 258 2181 illa
279 2117 371 2183 modo
387 2134 456 2183 esse
471 2116 609 2181 discreta
630 2120 727 2196 atque
749 2117 885 2195 inimica,
907 2116 999 2180 modo
1021 2117 1054 2180 in
1075 2133 1173 2179 unum
1194 2115 1300 2179 omnia

204 2215 401 2283 confluentia.
445 2217 576 2296 Iamque
605 2235 688 2281 nunc
715 2216 893 2296 perspicere
923 2216 998 2281 licet
1025 2215 1175 2297 lepidum,
1207 2232 1301 2295 quem

200 2317 347 2397 diximus,
370 2316 506 2397 modum,
529 2334 591 2396 quo
612 2315 674 2382 duo
695 2316 758 2396 illa,
782 2334 865 2396 quae
885 2317 1065 2398 statuimus,
1088 2309 1127 2380 τά
1150 2304 1188 2379 άν
1208 2321 1241 2380 et
1261 2308 1300 2380 τὸ

201 2408 285 2481 εἶναι
315 2436 377 2483 uno
402 2417 553 2482 vocabulo
583 2435 662 2483 usus
687 2416 779 2482 Plato
810 2416 1013 2482 nihilominus
1040 2415 1226 2497 distinguat.
1259 2422 1297 2480 ut

200 2518 283 2582 enim
307 2523 431 2583 veteres
457 2517 597 2582 rationes
626 2516 842 2583 arithmeticas
864 2515 1068 2598 geometricis
1089 2515 1200 2597 figuris
1221 2515 1300 2580 sole·

200 2619 278 2683 bant
301 2618 485 2698 describere,
508 2618 654 2683 similiter
668 2617 771 2698 Plato,
793 2619 870 2683 dum
893 2635 950 2683 nos
975 2617 1122 2683 dicimus:
1148 2610 1195 2681 ‘cd
1218 2606 1299 2680 εἶναι

198 2719 330 2784 tertium
357 2721 407 2785 est
427 2722 556 2800 praeter
581 2717 705 2802 κίνησιν
733 2724 766 2783 ct
785 2711 907 2794 στάσιν,
929 2718 986 2783 sed
1006 2716 1111 2782 omnia
1133 2716 1212 2782 hacc
1235 2717 1300 2782 tria

200 2820 259 2883 τσῦ
282 2811 365 2883 εἶναι
385 2825 460 2885 sunt
480 2820 647 2901 participia
670 2824 702 2885 et
722 2826 892 2901 propterea
912 2808 999 2884 άντα’
1028 2855 1064 2864 -
1088 2817 1168 2884 haec
1189 2817 1299 2883 eadem

201 2920 245 2984 sie
265 2918 396 2984 effatur:
423 2916 533 3001 τρίτον
562 2907 626 3002 άρα
654 2942 687 2982 τι
715 2913 806 3001 παρὰ
833 2921 937 2983 ταῦτα
964 2913 1003 2984 τό
1034 2912 1072 2984 ὃν
1094 2916 1127 2983 ἐν
1147 2919 1187 3005 τῇ
1208 2917 1299 3003 ψυχῇ

199 3017 317 3100 τιθείς,
340 3013 385 3096 aig
406 3015 461 3081 ὑπ’
485 3016 608 3083 ἐκείνου
626 3013 687 3103 τήν
708 3041 744 3084 τε
764 3012 877 3085 στάσιν
894 3017 949 3083 καὶ
966 3012 1165 3104 τὴνκίνησιν
1188 3038 1300 3099 στερι-

200 3118 400 3205 τχσμένην
428 3119 563 3204 (25οΒ).
616 3121 729 3187 Nescio
752 3140 792 3185 an
815 3120 888 3185 huic
911 3121 979 3186 loco
1002 3118 1161 3201 particula
1183 3119 1299 3184 saltem

199 3220 353 3287 debeatur
378 3220 490 3300 landis,
514 3239 577 3301 qua
599 3222 691 3304 logici
716 3222 817 3288 nostri
841 3220 1002 3287 celebrant
1022 3237 1102 3297 eum,
1127 3219 1177 3284 cui
1196 3217 1298 3299 primo

199 3320 232 3386 in
246 3323 524 3400 mentcmvenerit‚
549 3324 664 3388 miram
676 3324 840 3389 notionum
856 3322 1042 3388 excludendi
1063 3325 1096 3386 et
1118 3318 1298 3386 includendi

200 3423 264 3487 vim
284 3423 380 3504 pictis
399 3423 523 3489 circulis
544 3422 716 3489 illustrare.
760 3422 822 3488 Sed
843 3424 921 3488 haec
948 3422 981 3486 in
1001 3428 1196 3487 transcursu.
1229 3425 1298 3483 tan-

198 3529 268 3589 tum
291 3528 466 3603 teneamus,
487 3524 551 3589 tria
572 3527 758 3606 apparuisse
779 3514 885 3600 άντως
905 3512 992 3603 daco,
1016 3523 1037 3587 i.
1059 3540 1085 3587 e.
1108 3527 1174 3588 tres
1194 3520 1298 3587 ideas:

198 3617 234 3688 τί
257 3611 305 3706 dv,
325 3622 458 3710 κίνησιν,
480 3618 605 3690 στάσιν.

301 3839 390 3917 Quae
413 3839 459 3905 de
481 3859 673 3924 generum
695 3840 970 3905 communione
993 3838 1295 3919 deindePlatopro·

198 3938 300 4007 fectus
324 3958 454 4006 amera
477 3941 672 4022 experientia
699 3942 906 4018 demonstrat,
931 3959 1048 4024 genera
1068 3956 1172 4019 neque
1193 3938 1298 4003 omnia

198 4058 300 4122 neque
321 4042 417 4120 nulla,
439 4041 494 4106 sed
518 4046 606 4107 certa
628 4047 714 4109 cento
733 4042 826 4107 modo
848 4041 968 4121 sociari,
993 4045 1063 4105 tum
1083 4040 1182 4121 ‘opica
1200 4039 1296 4104 abnn-

199 4142 318 4207 dantia’
333 4143 372 4222 ⁸⁴)
402 4142 541 4223 quinque
567 4143 720 4224 exemplis
749 4143 899 4223 illustrat,
932 4141 979 4206 ita
1006 4145 1043 4204 ut
1072 4145 1105 4205 et
1131 4135 1169 4203 τὸ
1191 4137 1236 4223 μή
1259 4127 1298 4204 άν

198 4243 277 4308 illud
310 4244 439 4309 tandem
470 4244 572 4324 modo,
605 4262 700 4324 quem
729 4244 872 4322 vidimus,
908 4241 1087 4309 denudetur
1115 4244 1148 4306 et
1169 4240 1296 4307 omnino

198 4379 398 4390 ..α-...-

296 4445 343 4519 84)
361 4445 454 4504 verna
466 4445 612 4518 arrange
627 4446 660 4518 (1,
680 4447 757 4511 νιν).
