3000 5070
734 462 753 525 3

195 645 301 723 tacite,
326 646 443 726 partim
472 645 626 726 ampliore
651 645 814 709 notatione
835 645 1003 710 convulsis.
1046 646 1176 711 Illorum
1198 646 1297 730 igitur

196 746 300 811 varias
328 746 367 812 de
394 763 432 810 ee
459 765 495 812 rc
526 747 689 826 opiniones
719 744 865 808 nolumus
887 750 1072 825 retractare,
1095 748 1155 811 nisi
1177 752 1234 813 aut
1256 749 1298 814 ad

196 846 262 911 alia
293 865 402 911 eorum
428 851 605 912 commenta
629 845 802 911 refellenda
827 846 1051 912 brevissimum
1072 865 1298 928 nonnunquam

196 944 258 1010 erit
279 947 453 1027 ostendere,
478 945 597 1012 efalsa
619 947 658 1012 de
680 946 756 1028 ipsis
778 947 921 1011 Platonis
948 948 1115 1012 sententiis
1151 948 1298 1029 opinione

132 1041 134 1045 ’
195 1063 234 1109 ea
258 1044 396 1122 fluxisse,
427 1048 537 1112 autin
560 1048 613 1127 eis,
634 1047 891 1127 quaeBonitzius
910 1048 1014 1111 minus
1038 1047 1172 1113 feliciter
1188 1048 1297 1128 gessit,

195 1149 337 1214 iustitiae
364 1148 434 1226 erit,
462 1155 582 1215 rectam
611 1151 766 1215 rationem
793 1150 856 1214 iam
887 1153 961 1213 ante
987 1148 1078 1212 illum
1097 1154 1296 1230 perspectam

196 1250 396 1314 suo-auctori
416 1250 584 1314 vindicare.
616 1249 735 1314 Contra
757 1268 803 1329 ea,
825 1250 859 1313 in
881 1249 1169 1329 quibusBonitzius
1190 1250 1298 1330 lapsus

196 1353 253 1427 est,
276 1366 313 1412 eo
328 1349 507 1429 religiosius
529 1349 743 1430 indicabimus,
767 1368 828 1431 quo
849 1351 951 1429 magis
965 1350 1038 1414 libri
1056 1350 1215 1415 utilissimi
1226 1367 1297 1414 cum

193 1445 282 1511 bonis
296 1447 390 1513 simul
401 1465 523 1512 errores
538 1467 557 1512 a
570 1449 798 1528 posterioribus
808 1456 1004 1532 propagatos
1016 1449 1168 1514 videmus.
1185 1467 1298 1529 quam·

195 1546 302 1610 obrem
338 1565 421 1628 quae
451 1550 588 1612 maxime
621 1567 724 1629 paenc
745 1551 884 1614 omnium
908 1548 1069 1614 laudanda
1090 1556 1174 1630 suut,
1197 1549 1295 1615 omni·

195 1647 254 1710 bus
286 1665 389 1727 paene
420 1649 521 1730 magis
556 1654 726 1729 carpentur
764 1656 797 1715 et
838 1650 1031 1715 videbuntur
1072 1667 1299 1730 nonnunquam

195 1750 328 1826 propter
347 1747 452 1827 ipsam
476 1749 708 1828 praestantiam
729 1748 896 1814 deteriora.

294 1847 340 1913 Ac
360 1850 498 1928 primum
518 1851 645 1929 quidem
667 1851 765 1914 totius
786 1849 905 1929 dialogi
924 1867 1015 1913 nemo
1035 1866 1099 1912 nou
1115 1847 1202 1913 videt
1216 1849 1297 1915 duas

195 1963 263 2012 esse
289 1953 407 2028 partes,
438 1950 571 2013 alteram
601 1951 789 2031 cingentem,
817 1952 952 2016 cinctam
986 1950 1132 2027 alteram,
1162 1965 1298 2028 quarum

195 2047 251 2111 illa
270 2047 440 2113 dividenda
463 2048 635 2114 identidem
656 2052 734 2116 artis
756 2052 883 2115 notione
904 2051 1021 2115 iustam
1042 2050 1204 2130 sophistae
1219 2049 1298 2116 deii·

194 2149 348 2213 nitionem
369 2149 567 2230 septemplici
586 2155 701 2215 conatu
724 2156 868 2230 quaerat,
893 2150 972 2216 haec
985 2167 1060 2216 vero
1081 2150 1168 2215 illius
1189 2149 1297 2215 defini·

195 2249 291 2313 tionis
312 2247 418 2330 gratia
438 2248 644 2316 difficultates
659 2252 817 2315 non-entis
839 2250 913 2332 (τοῦ
934 2245 978 2335 μὴ
1001 2240 1108 2333 ὄντος)
1131 2256 1164 2316 et
1186 2250 1298 2317 deinde

197 2349 278 2414 entis
300 2350 371 2425 (τοῦ
395 2337 501 2425 ὄντος)
523 2357 662 2432 exponat
685 2356 717 2416 et
731 2354 888 2416 communi
908 2352 1121 2432 disputatione
1142 2352 1183 2416 de
1204 2368 1297 2432 gene-

197 2467 268 2514 mm
291 2454 408 2515 natura
429 2452 589 2531 expediat.
610 2453 690 2518 duas
713 2452 794 2516 enim
812 2471 882 2518 esse
899 2459 1007 2534 partes
1024 2454 1195 2535 generales,
1220 2469 1296 2532 qua·

197 2567 268 2614 rum
283 2551 471 2616 exteriorem
494 2549 641 2617 bifariam
665 2552 742 2634 (ΙΑ.
756 2553 793 2633 Β)
814 2556 997 2620 interiorem
1020 2556 1137 2619 intres
1159 2552 1298 2634 particu-

195 2649 243 2714 las
265 2651 432 2716 secandam
454 2669 523 2717 esse
545 2652 638 2730 (HA.
650 2652 686 2717 B.
702 2652 749 2731 C),
777 2652 824 2718 ita
853 2659 890 2718 ut
918 2653 997 2718 haec
1020 2655 1145 2718 oriatur
1165 2651 1296 2717 divisio:

116 2805 118 2808 ,
196 2736 898 2831 lA:2210-232B31B:23213-236E‚
933 2751 1185 2832 acro-asem
1213 2751 1295 2816 un:

199 2853 258 2912 237
270 2850 455 2931 A—241B3
476 2850 556 2915 1113:
574 2854 635 2914 242
646 2851 827 2932 B—room
845 2851 926 2916 110:
949 2852 1201 2932 asin-asle
1224 2868 1295 2916 con-

195 2951 248 3013 tra
268 2947 488 3013 Steinhartum
510 2953 543 3013 et
561 2948 787 3016 Susemihlium
807 2951 930 3017 diverso
953 2952 1046 3016 modo
1068 2952 1206 3032 quinque
1222 2967 1295 3030 par-

196 3053 245 3114 tes
268 3053 446 3114 statuentes
466 3049 630 3116 Bonitnius
652 3052 746 3116 evicit
769 3052 813 3132 lp.
827 3054 1006 3134 305-315)
1023 3051 1060 3133 ⁴.)
1081 3051 1154 3115 Alia
1174 3047 1236 3114 fuit
1257 3049 1297 3114 de

196 3148 362 3215 dividendo
384 3148 510 3229 dialogo
528 3149 603 3214 olim
624 3153 731 3254 magni
752 3150 1033 3217 Schleiermacheri
1055 3151 1169 3232 opinio,
1200 3167 1295 3230 quam

197 3255 230 3315 ct
257 3248 420 3315 Bonitnius
447 3250 571 3316 silentio
601 3225 787 3332 transmisit,
817 3268 921 3332 neque
942 3268 1000 3315 nos
1026 3251 1127 3316 denuo
1146 3249 1295 3314 sollicita·

196 3367 311 3428 remus,
333 3349 394 3415 nisi
417 3367 487 3414 eam
507 3355 662 3415 recoctam
686 3352 869 3433 nuperrime
889 3352 1006 3416 iterum
1026 3349 1159 3431 proponi
1175 3347 1296 3413 videre·

198 3592 232 3646 de
243 3591 375 3662 Sophiste
393 3593 583 3647 dissertationi
601 3593 764 3663 praeposuit
783 3593 828 3648 vir
848 3593 982 3648 narrandi
1002 3599 1063 3648 arte
1073 3594 1200 3664 insignis
1215 3593 1295 3647 Gro-

198 3683 277 3734 teus
298 3680 390 3749 (Plato
408 3680 444 3746 ΙΙ,
463 3681 548 3735 396
521 3681 623 3750 428).
669 3680 724 3736 Ubi
748 3680 823 3736 haud
849 3698 939 3752 pauca
960 3698 1107 3751 perperam
1135 3681 1297 3735 referuntur

195 3770 225 3820 et
234 3767 427 3836 insequentem
442 3766 477 3821 de
495 3767 608 3838 dialogo
627 3767 852 3837 disquisitionem
871 3775 938 3824 cont
926 3770 1050 3835 t‚urbant
1072 3785 1143 3838 quae
1152 3767 1294 3822 Bonitzius

196 3853 302 3907 recte
293 3870 350 3906 ram
368 3858 562 3923 proposuerat

297 3942 326 4011 4)
344 3941 531 3996 Nihilominus
549 3944 662 3999 biennio
680 3948 746 4014 post
771 3945 878 3999 editum
895 3961 913 3998 a
930 3943 1059 3998 Bonitzio
1083 3943 1187 3997 librum
1205 3941 1294 3997 Stein-

198 4027 274 4081 harti
291 4029 392 4084 divisio
410 4029 531 4083 recurrit
549 4030 625 4099 apud
643 4030 1013 4087 Schieferdeckeru
1024 4049 1051 4083 m
1080 4029 1143 4099 (Die
1167 4028 1295 4083 dialekti-

197 4115 263 4169 sche
274 4117 428 4187 Ableitung
439 4117 491 4173 der
500 4117 716 4189 Grundbegriffe
734 4120 764 4173 in
775 4119 881 4174 Plato’s
893 4119 1036 4188 Sophistes
1054 4123 1108 4172 etc.
1139 4116 1295 4187 Perleberg

199 4206 277 4258 1862.
296 4204 463 4276 Programm
482 4206 509 4261 d.
528 4206 694 4262 Realschule
713 4225 740 4276 p.
751 4209 778 4278 2)
796 4208 845 4262 ubi
873 4208 963 4260 multa
988 4210 1133 4274 praeterea
1162 4221 1293 4274 perverse

196 4291 383 4347 disseruntur.
419 4295 458 4348 At
476 4293 616 4348 hominem
640 4297 734 4360 istum,
765 4313 829 4350 cum
849 4293 1065 4362 seminantibus,
1093 4292 1294 4347 Susemihllana

196 4380 302 4451 passim
319 4381 487 4437 adverbum
506 4382 667 4439 describere
686 4388 715 4439 et
732 4400 784 4454 pro
804 4380 861 4437 suis
878 4381 966 4437 tacite
983 4380 1128 4436 venditare
1155 4396 1212 4434 non
1230 4395 1294 4434 eru·

196 4470 298 4537 buerit,
317 4469 488 4527 refutatione
504 4471 621 4544 ffifflum
638 4489 695 4528 non
712 4471 810 4528 babeo.
