3000 5070
692 445 772 521 ‘aa

201 645 403 725 quaestiones
424 642 667 725 portenduntur,
689 660 750 706 non
774 644 956 708 tractantur
975 645 1175 724 praesentes3
1198 659 1301 724 neque

201 746 365 828 dialogum
379 745 435 812 illa
451 747 624 823 illustrant,
648 761 751 823 neque
772 763 812 809 ex
834 761 870 808 eo
891 744 994 810 lucem
1017 746 1185 826 accipiunt.
1206 746 1301 826 idque

200 849 268 929 ipse
297 848 433 928 scriptor
462 847 543 912 satis
571 845 752 922 declararit,
779 843 868 909 finito
901 847 961 911 hoc
993 846 1132 927 episodio
1162 845 1300 912 efficiens

201 953 432 1018 conclusionem
454 952 674 1029 insequentem
697 946 879 1029 (ξυμβαίνει
893 951 970 1032 ναῦν
982 948 1054 1032 κτλ)
1071 951 1162 1015 unioe
1183 969 1224 1015 ex
1244 951 1299 1027 eis,

202 1069 285 1133 quae
306 1052 479 1134 episodium
499 1054 603 1133 ipsum
625 1051 826 1116 antecedunt.
854 1069 893 1116 ex
910 1051 958 1115 his
978 1051 1076 1131 igitur
1098 1052 1182 1131 solis,
1204 1067 1300 1132 quae

200 1158 307 1220 rentes
338 1172 434 1234 quam
462 1151 586 1238 κίνησιν
616 1153 695 1217 ideis
726 1152 820 1216 Plato
847 1151 977 1229 tribuat,
1014 1151 1118 1217 lucem
1152 1153 1300 1233 petimus.

201 1252 436 1320 demonstratur
463 1258 570 1320 autem
597 1253 641 1318 ibi
671 1254 731 1318 sic:
760 1270 849 1317 mens
877 1253 1045 1333 cognoscit,
1073 1252 1163 1317 ideae
1187 1270 1300 1334 cogno

200 1360 341 1422 seuntur.
374 1372 562 1436 cognoscere
584 1359 632 1420 est
653 1352 766 1432 iacere,
789 1371 865 1434 ergo
886 1352 987 1433 ideae,
1010 1353 1038 1417 si
1058 1357 1299 1435 cognoscuntur,

201 1455 369 1536 patiuntur
389 1460 481 1519 et-
503 1449 557 1518 διὰ
578 1447 616 1517 τὸ
637 1445 780 1531 πάσχειν
805 1488 843 1498 -
859 1457 1036 1518 moventur.
1066 1454 1180 1535 igitur:
1203 1455 1300 1533 ‘qua-

200 1559 320 1621 tenus
340 1552 460 1619 ideae
481 1557 789 1634 cognoscuntur,
816 1559 988 1618 eatenus
1008 1554 1300 1630 moventu'r’111).
1383 1557 1397 1585 ‘

201 1654 264 1720 Sed
286 1655 363 1735 quid
383 1656 508 1719 omnino
530 1653 698 1736 cognitioni
718 1671 790 1718 cum
812 1655 950 1719 motione
978 1661 1028 1720 est
1047 1654 1234 1720 commune?
1261 1690 1299 1700 *

200 1756 329 1836 Duplex
348 1755 534 1835 cognitionis
555 1772 672 1818 munus
694 1759 752 1833 est,
776 1755 922 1835 primum,
947 1748 995 1832 εἰς
1015 1753 1093 1836 μίαν
1107 1751 1195 1818 ἰδέαν
1208 1775 1301 1818 σανα·

200 1844 407 1938 ρῶνναόἱγειν
419 1847 461 1917 τὰ
474 1853 623 1940 πολλαχῇ
637 1852 867 1937 διεσπαρμένα,
892 1855 1003 1921 deinde
1021 1849 1120 1919 πάλιν
1139 1853 1208 1918 κατ’
1229 1848 1300 1940 εἴδη

199 1949 361 2020 δύνασθαι
382 1951 518 2035 τέμνειν,
547 1959 584 2017 ut
614 1953 731 2032 legitur
752 1954 822 2019 loco
843 1954 980 2020 Phaedri
1003 1955 1165 2020 notissimo
1189 1954 1300 2034 (2651)

199 2055 275 2137 sq.);
308 2060 365 2119 aut
395 2054 477 2118 enim
498 2054 606 2135 plures
633 2054 778 2119 notiones
798 2055 852 2117 uni
875 2054 1049 2134 subiungiS,
1072 2058 1129 2120 aut
1149 2071 1246 2119 unam
1267 2055 1300 2119 in

200 2156 308 2238 plures
330 2173 437 2235 secas3
468 2160 525 2219 aut
555 2156 746 2220 ascendis
769 2160 826 2219 aut
846 2154 1061 2220 descendis
1080 2155 1113 2219 in
1134 2154 1300 2219 notionum
1359 2230 1363 2238 ³

200 2256 335 2339 gradata
356 2261 538 2336 systemate,
559 2256 653 2335 idque
675 2260 724 2321 est
740 2255 901 2335 negotium
922 2255 1108 2337 cognitionis
1123 2258 1157 2320 et
1170 2259 1300 2335 praeter

200 2357 259 2422 hoc
277 2356 412 2421 nullum.
442 2357 506 2420 iam
537 2374 613 2420 vero
645 2355 715 2437 quis
744 2373 808 2420 non
829 2356 916 2420 videt
945 2355 1027 2419 hanc
1059 2356 1244 2437 seiungendi
1267 2361 1301 2421 et

200 2457 409 2539 coniungendi
439 2456 627 2520 industriam
656 2461 731 2536 apte
758 2461 791 2520 et
824 2456 986 2521 commode
1019 2455 1088 2522 sub
1119 2454 1301 2538 imagine

199 2559 388 2623 motionis
410 2557 664 2638 repraesentari?
693 2556 748 2637 qui
767 2558 812 2622 sic
834 2575 904 2626 cum
925 2556 1106 2621 notionibus
1126 2557 1203 2637 agit,
1229 2559 1249 2621 i.
1272 2574 1299 2621 e.

95 2725 99 2731 ,
201 2659 256 2738 qui
276 2659 444 2739 cognoscit,
478 2658 505 2723 is
532 2662 638 2721 movet
659 2656 893 2737 quodammodo
916 2657 1076 2737 notiones;
1110 2657 1195 2737 quod
1223 2674 1299 2722 vero

199 2758 302 2824 lacit
323 2761 356 2822 in
376 2757 566 2834 notionibus,
587 2758 618 2822 id
639 2755 654 2820 i
661 2759 693 2821 it
713 2759 747 2821 in
766 2757 854 2836 ideis,
879 2757 1042 2822 notionum
1056 2758 1200 2837 obiectis3
1223 2775 1299 2838 qua·

199 2864 292 2924 tenus
310 2859 409 2940 igitur
424 2863 663 2939 cognoscuntur,
680 2863 812 2922 eatenus
825 2863 1001 2923 moventur.
1027 2859 1087 2922 Est
1100 2857 1199 2938 igitur
1212 2858 1299 2921 idea·

198 2978 271 3023 rum
292 2961 389 3024 motio
411 2964 544 3024 aeterna
570 2959 627 3023 illa
649 2959 772 3035 relatio,
801 2976 866 3038 qua
894 2959 958 3022 alia
989 2958 1071 3024 alins
1092 2959 1181 3022 vario
1206 2957 1299 3022 modo

199 3065 249 3125 est
274 3060 442 3142 particeps,
474 3077 539 3123 nna
569 3059 687 3138 plures,
720 3061 831 3140 plures
860 3078 957 3124 unam
985 3058 1126 3125 efficiunt
1156 3062 1189 3122 et
1209 3057 1300 3138 quasi

199 3162 342 3242 gignunt,
365 3162 501 3239 denique
523 3160 678 3241 quidquid
699 3160 738 3224 de
759 3159 913 3246 κοινωνίᾳ
934 3163 1036 3244 γενῶν
1057 3159 1189 3224 subinde
1209 3158 1299 3223 doce·

199 3267 253 3327 tur
275 3268 308 3327 et
330 3262 481 3343 exemplis
503 3260 692 3326 illustratur.
736 3261 823 3325 Bene
849 3260 901 3325 hic
928 3266 1058 3339 teneas,
1089 3262 1300 3342 cognitionem

199 3361 343 3428 Platonis
375 3361 534 3427 sententia
565 3361 731 3426 excludere
760 3378 910 3425 errorem.
943 3361 1040 3426 etiam
1067 3361 1122 3440 qui
1152 3364 1238 3426 errat
1266 3360 1300 3422 in

198 3465 323 3538 κοιναῖς
349 3465 512 3541 versatum
545 3461 600 3525 sed
627 3460 719 3526 ideae
746 3479 809 3525 non
840 3467 978 3542 reagunt
1007 3479 1037 3542 q.
1058 3462 1109 3542 d.;
1147 3459 1300 3541 quidquid

199 3567 308 3626 autem
338 3561 493 3626 volvendo
523 3563 556 3626 et
590 3562 744 3627 movendo
775 3580 868 3626 veras
901 3562 1045 3626 notiones
1079 3560 1232 3642 efficitur,
1271 3559 1300 3622 ei

200 3661 370 3742 respondet
388 3663 532 3728 idearum
556 3668 705 3728 constans
727 3667 760 3726 et
784 3668 916 3727 aeterna
936 3662 1059 3727 relatio.
1086 3661 1204 3727 similes
1225 3663 1302 3725 sunt

199 3761 290 3826 ideae
301 3763 436 3842 speculo,
451 3764 545 3841 quod,
560 3764 707 3842 quamvis
725 3764 859 3827 vitream
873 3763 1037 3843 planitiem
1059 3763 1197 3826 retineat
1214 3753 1298 3822 κατα

198 3852 309 3943 ταύτά,
333 3855 498 3942 ὡσαύτως,
524 3867 634 3926 tamen
651 3862 804 3944 quidquid
819 3867 912 3928 extra
934 3866 1088 3942 movetur,
1111 3861 1144 3924 id
1164 3859 1300 3926 fideliter

278 4110 523 4187 ‚111)Mittamus
546 4111 918 4167 Sohaarschmidtium
941 4112 1012 4166 falso
1032 4111 1079 4166 hio
1103 4111 1233 4166 concludi
1250 4129 1300 4180 pu-

197 4187 305 4252 tantem
324 4199 386 4267 (Rh.
399 4199 471 4254 Mus.
485 4202 562 4263 1862,
582 4218 609 4269 p·
622 4203 674 4268 13),
693 4201 934 4269 Hayduckium
952 4217 1052 4268 parum
1070 4203 1107 4269 (p.
1122 4204 1165 4268 18)
1184 4200 1301 4254 Alber·

197 4286 285 4339 tium
309 4289 377 4340 satis
399 4288 615 4356 respondentem
636 4292 671 4357 tp.
688 4293 747 4344 189.
770 4292 832 4356 196)
857 4291 983 4358 quamvis
1003 4306 1176 4358 nequaquam
1199 4289 1263 4341 ideo
1283 4305 1300 4341 a

197 4374 451 4428 Schaersehmidtio
471 4377 614 4429 laudatum
632 4378 682 4445 (Pl.
694 4377 773 4432 Schr.
801 4379 854 4431 214
871 4396 899 4431 n.
914 4379 950 4444 1.)
968 4407 1003 4415 —
1021 4393 1086 4429 nam
1104 4376 1135 4429 hi
1147 4392 1250 4438 omncs,
1267 4379 1300 4429 ut

196 4462 288 4516 dicam
306 4465 472 4518 sententiam
489 4482 587 4529 meam,
606 4483 623 4519 a
641 4484 707 4520 vera
724 4467 752 4520 vi
770 4467 824 4519 loci
841 4467 940 4535 procul
957 4466 1068 4520 absunt.
