3000 5070
733 434 774 497 63

203 621 358 688 Platonici
389 620 575 702 systematis
603 619 724 702 origine
755 618 862 700 opinio
894 618 1024 698 quantis
1055 616 1303 684 dubitationibus

205 724 248 790 sit
269 723 413 802 obnoxia,
447 721 672 802 Ueberwegins
692 720 843 803 exposuit
856 721 916 798 117),
939 736 1042 798 neque
1063 717 1157 784 hodie
1177 725 1226 784 est
1248 719 1302 784 ab

203 823 309 891 soluta
329 824 481 904 quaestio,
503 827 613 887 utrum
630 823 770 887 essentia
786 821 870 885 inter
888 820 1059 900 qualitates
1078 819 1121 885 sit
1135 837 1303 884 numeran-

201 926 252 1005 da,
281 942 379 990 necne
393 925 456 1003 ¹¹⁸).
498 924 580 990 Utut
610 928 718 989 autem
748 927 816 1001 est,
845 926 931 986 certe
951 940 1008 1003 per
1028 938 1063 985 se
1084 920 1164 985 nihil
1184 920 1302 998 obstat,

204 1026 372 1106 quominus
391 1023 484 1090 Plato
513 1027 583 1089 tum
614 1025 687 1103 iarn,
712 1041 784 1088 curn
805 1023 943 1104 primum
965 1023 1053 1087 ideas
1073 1022 1179 1086 animo
1200 1022 1301 1087 conci·

200 1130 300 1207 peret,
332 1143 403 1190 earn
439 1130 568 1190 secutus
600 1125 643 1189 sit
672 1123 860 1205 opinionem,
893 1139 976 1202 quae
1003 1121 1168 1203 postmodo
1188 1139 1303 1187 caussa

200 1223 263 1290 brit
290 1243 347 1289 cur
382 1225 610 1290 demonstratio
648 1224 687 1288 de
722 1223 892 1288 existentia
921 1239 952 1302 q.
974 1222 1004 1286 d.
1036 1221 1097 1286 Dei
1124 1221 1302 1303 ontologica

199 1328 412 1407 propagatam
443 1343 501 1405 per
531 1328 581 1389 tot
612 1325 740 1390 saecula
773 1323 916 1388 traheret
950 1323 1184 1387 auctoritatem.
1239 1320 1303 1387 Sed

204 1425 315 1504 onmes
335 1424 433 1491 fuisse
456 1442 642 1489 censeamus
664 1423 809 1489 Platonis
831 1422 928 1502 ideas,
957 1421 1142 1503 priusquam
1164 1438 1302 1486 commu·

205 1525 330 1589 nionem
358 1542 470 1590 earum
503 1523 649 1589 doceret?
691 1525 753 1588 Vix
782 1524 864 1589 aliae
892 1529 1026 1604 possunt
1055 1521 1170 1600 husee,
1204 1540 1301 1602 quarn

200 1623 351 1689 immotae
383 1625 457 1690 illae
486 1630 519 1689 et
546 1623 667 1705 rigidae
695 1642 804 1689 eorum
831 1625 931 1703 ideae,
965 1641 1045 1703 quos
1065 1618 1163 1688 εἰδῶν
1184 1619 1303 1710 φίλους

201 1725 296 1791 Plato
319 1725 522 1808 reprehendit
535 1725 599 1807 ¹¹⁹),
622 1743 756 1806 cumque
777 1727 893 1806 omnia,
915 1725 1047 1807 quaeda
1062 1725 1108 1788 eis
1120 1728 1300 1803 narrentur,

204 1828 392 1892 conveniant
413 1845 485 1892 cnm
506 1827 650 1892 Platonis
680 1846 728 1906 ea,
757 1844 855 1907 quarn
878 1826 1040 1890 Bonitzius
1067 1828 1171 1906 putat,
1202 1824 1302 1905 priori

202 1925 356 2003 doctrina,
389 1926 499 2006 quidni
528 1927 611 1992 hanc
646 1928 752 1992 notari
785 1945 859 1992 cum
891 1924 1094 2004 Ueberwegio
1125 1922 1177 2006 (ci.
1199 1942 1230 1988 n.
1247 1926 1301 2004 73)

204 2025 331 2090 mavult
351 2029 503 2106 statuere,
525 2043 621 2106 quam
639 2026 766 2091 dubiam
785 2027 876 2092 illam
890 2027 930 2090 de
941 2024 1109 2107 Megaricis
1124 2025 1302 2106 opinionem

201 2126 311 2205 sequi?
344 2125 406 2192 Sed
438 2126 544 2192 nescio
573 2144 616 2192 an
635 2143 742 2192 secum
763 2130 885 2208 pugnet
906 2125 1078 2204 Bonitzius,
1103 2124 1180 2205 quia
1199 2124 1300 2189 Phae·

199 2226 291 2292 drnm
308 2263 344 2272 -
363 2227 547 2307 rectissime,
571 2230 724 2309 putamus
736 2262 776 2271 -
790 2227 947 2291 iuventuti
957 2225 1099 2291 Platonis
1114 2226 1226 2291 tribuit
1240 2227 1299 2306 ¹²⁰),

199 2324 393 2406 Phaedrum,
416 2327 449 2391 in
467 2344 529 2407 quo
544 2345 583 2392 ea
603 2328 804 2392 disseruntur
818 2329 857 2393 de
879 2323 976 2392 εἱδῶν
992 2323 1150 2407 διαιρέσει
1171 2331 1205 2390 et
1224 2345 1301 2390 σον-

199 2429 316 2513 ογωγῖ,
345 2445 430 2509 quae
457 2429 664 2494 antecesserit
688 2447 815 2495 necesse
840 2430 883 2495 sit
911 2429 1067 2509 quaedam
1087 2427 1127 2494 de
1148 2445 1299 2508 generum

199 2527 416 2594 communione
440 2529 554 2610 opinio.
598 2529 738 2610 Accedit,
770 2530 854 2610 quod
875 2532 987 2596 eadem
1008 2523 1181 2614 σολλόσης,
1202 2546 1299 2609 quam
1371 2546 1374 2559 ¹

197 2626 231 2691 iu
252 2627 348 2693 rebus
369 2628 568 2695 sensibilibus
588 2629 766 2714 effugimus,
786 2631 895 2696 statim
916 2631 947 2695 io
971 2630 1049 2695 ideis
1073 2630 1210 2694 recurrit
1234 2633 1298 2693 sta·

200 2726 323 2808 nmque
345 2749 455 2796 earum
477 2748 603 2811 qnoque
624 2733 779 2797 unitatem
800 2732 895 2796 debet
917 2749 1059 2813 poscere.

197 2960 277 3015 Plato
295 2960 387 3014 ideam
410 2958 579 3033 ὁμοιότητος,
604 2959 807 3036 ἀνομοιότητος,
826 2960 933 3031 (αὐτοῦ,
953 2968 1079 3034 θατέρου,
1103 2959 1165 3024 ἑνός
1183 2968 1299 3029 statuat,

197 3065 255 3103 non
263 3049 446 3119 intellegitur,
465 3050 563 3119 quidni
581 3053 665 3105 etiam
677 3051 740 3106 idea
757 3054 794 3106 sit
808 3054 857 3106 τοῦ
874 3053 944 3106 εἶναι
963 3058 992 3107 et
1009 3054 1058 3106 τοῦ
1074 3050 1115 3125 μὴ
1132 3053 1210 3119 εἶναι,
1228 3069 1299 3121 qnae

197 3133 302 3188 ibidem
325 3134 449 3202 (Theaet.
471 3138 564 3205 letD)
586 3144 794 3193 enumerantur.
816 3169 849 3178 -·
872 3140 948 3206 Quae
965 3138 1298 3194 Schaarschmidtio

199 3221 261 3290 (ab
279 3222 352 3278 Mus.
372 3225 450 3288 1862,
468 3243 496 3294 p.
511 3228 554 3294 lb)
578 3228 724 3296 respondit
741 3227 970 3297 Hayduokins
988 3228 1026 3298 (p.
1039 3228 1092 3296 28),
1117 3246 1151 3282 ea
1168 3245 1218 3282 suo
1237 3228 1299 3281 inre

198 3307 431 3366 Schaarschm.
454 3312 504 3381 (Pl
525 3313 603 3368 Schr.
621 3332 649 3383 p.
662 3316 727 3383 203)
754 3332 811 3369 nou
828 3316 974 3370 concessit.
1010 3315 1083 3369 Nam
1099 3314 1189 3383 Hayd
1207 3314 1298 3369 ideam

196 3398 245 3450 τοῦ
259 3392 338 3458 ὄντος
354 3399 384 3451 in
401 3399 533 3469 Sophiste
553 3403 672 3471 reperiri
688 3402 877 3457 infelicissime
894 3407 986 3473 negat.
1009 3402 1187 3456 nihilomiuus
1207 3403 1298 3457 ideam

196 3486 246 3539 τοῦ
269 3481 347 3546 ὄντος
371 3506 388 3541 a
405 3488 521 3543 Platone
542 3490 630 3543 statui
654 3490 846 3545 demonstrare
869 3489 964 3545 studet
981 3488 1044 3544 loco
1062 3491 1131 3561 reip.
1148 3507 1176 3560 p.
1195 3490 1297 3555 509Β.,

196 3575 246 3629 nbi
262 3578 357 3629 tamen
376 3571 473 3631 οὐσίαν
490 3576 547 3632 (11ο1
565 3578 737 3648 quidquid
754 3583 1004 3650 cognoscatur,
1019 3580 1038 3634 i.
1056 3597 1080 3633 e.
1099 3596 1194 3635 omnes
1211 3579 1298 3644 ideas,

196 3679 278 3718 nemo
290 3680 346 3719 non
357 3665 443 3721 ridet.
464 3665 544 3733 Quod
555 3683 623 3721 vero
635 3666 984 3723 Sohaarschmidtins
1002 3668 1052 3738 (Ph
1066 3667 1143 3722 Schr.
1157 3686 1184 3737 p.
1194 3669 1248 3721 208
1258 3667 1298 3737 n.)

197 3750 355 3820 respondet,
373 3752 465 3806 ideam
485 3755 553 3808 boni
571 3755 627 3810 dici
645 3760 735 3812 αἰτίαν
751 3751 904 3828 ἔπιστὴμης
928 3759 974 3808 κο)
994 3751 1133 3821 ἀληθείας,
1160 3771 1218 3808 non
1240 3753 1299 3808 dici

196 3841 287 3894 αἰτίαν
302 3840 350 3892 τοῦ
367 3840 434 3893 εἶναι
453 3840 498 3895 vel
513 3843 560 3908 τῆς
577 3839 680 3910 οὐσίας,
698 3844 729 3898 id
745 3844 872 3899 conferre
889 3845 969 3898 iuvat
984 3861 1048 3898 cnm
1065 3843 1127 3912 ipso
1146 3843 1215 3912 reip.
1233 3843 1297 3897 loco

197 3927 297 3981 509B:
320 3923 388 3980 dest
413 3926 511 3983 καὶτὸ
534 3930 606 3984 εἷναί
626 3949 655 3984 ιε
672 3935 719 3984 κο)
741 3930 791 3999 τὴν
808 3928 906 3986 οὐσίαν
927 3931 1081 3986 ὑπ’ἒκείνου
1100 3932 1157 3995 (τοῦ
1174 3928 1294 4002 ἀγαθοῦ)
1405 3952 1410 3958 ·

196 4009 287 4073 αὐτοῖς
304 4015 368 4080 (τοῖς
384 4018 631 4089 γιγνωσκομένοις)
650 4025 804 4089 τιροοεῖναι.
823 4019 931 4074 -Sed
953 4022 1036 4074 nimis
1056 4019 1137 4074 facile
1158 4025 1209 4084 est,
1227 4019 1297 4074 tohu

196 4101 336 4156 refellere!

298 4191 359 4260 117)
376 4190 628 4263 Untersnchungen
645 4210 673 4262 p.
682 4195 737 4248 270
745 4211 785 4263 sq.

299 4281 360 4349 118)
377 4279 457 4348 Quod
475 4284 569 4335 censet
587 4281 802 4352 Ribbingius
818 4301 845 4352 p.
860 4283 912 4336 211
933 4300 960 4337 n.
973 4283 1026 4338 425
1044 4285 1116 4339 extr.

298 4371 358 4438 118)
375 4369 436 4424 Ηοο
453 4370 563 4424 monuit
579 4370 808 4442 Ribbingins‚
825 4371 848 4436 Ι,
865 4372 920 4426 210
939 4389 968 4425 n.

297 4459 360 4531 120)
377 4458 449 4515 Plat.
465 4457 544 4516 sind
562 4459 599 4526 11,
617 4460 672 4518 280
689 4477 717 4516 n.
735 4461 781 4518 22.
