3000 5070
726 442 766 504 32

157 691 160 697 „
208 623 342 705 cogitari
356 626 493 703 nequeat
503 620 553 705 ⁵²),
565 623 740 688 necessario
752 622 904 704 sequitur,
921 627 957 688 ut
973 641 1105 689 nonens
1117 623 1298 690 absolutum

201 742 341 806 nequeo
362 725 496 789 Platone
517 741 619 804 neque
646 742 665 787 a
687 723 776 789 nobis
798 724 863 789 sive
884 723 1013 790 dicendo
1041 725 1108 789 sive
1134 725 1299 806 cogitando

198 827 300 909 possit
322 824 446 906 attingi.
470 859 509 869 -
533 821 603 900 Sed,
625 842 683 905 per
705 823 780 888 deos
799 822 1009 889 immortales!
1039 842 1142 890 nonne
1161 825 1298 907 Eleates,

198 945 301 993 nonne
322 926 424 1004 Plato,
447 942 551 989 nonne
577 929 702 989 nosmet
723 923 783 1006 ipsi
809 925 1008 990 immemores
1042 925 1178 991 concessi
1200 926 1297 991 etiam

203 1031 302 1108 atque
323 1025 419 1091 etiam
442 1023 609 1105 cogitando
630 1027 808 1089 tractamus
830 1028 862 1088 et
887 1025 1084 1092 nominamus
1107 1045 1171 1091 non
1195 1027 1299 1092 solum

199 1127 368 1192 relativum
390 1142 503 1190 verum
527 1123 623 1188 etiam
647 1123 848 1203 incogitabile
870 1123 948 1188 illud
972 1130 1005 1190 et
1026 1124 1183 1191 ineffabile
1202 1126 1300 1191 maxi·

198 1227 257 1294 nris
280 1225 521 1292 necessitatibus
551 1241 684 1289 non-ens
711 1223 915 1289 absolutum?
938 1225 1041 1290 -ad
1069 1225 1148 1292 haec
1174 1243 1301 1308 respon·

198 1327 274 1392 dere
296 1328 362 1392 sive
383 1325 476 1391 iussit
495 1325 590 1390 Plato
613 1326 681 1390 sive
704 1343 766 1390 non
788 1324 887 1404 iussit,
910 1330 996 1390 certe
1022 1327 1214 1392 conabimur.

298 1424 505 1491 Excludimus
525 1426 679 1505 negando.
714 1425 745 1488 in
766 1441 829 1504 quo
851 1424 978 1505 negotio
1000 1427 1026 1490 si
1041 1445 1078 1492 eo
1089 1427 1297 1508 procedimus,

198 1532 317 1593 utnon
339 1527 417 1591 haec
438 1526 488 1590 vel
507 1525 564 1591 illa
585 1543 636 1591 res
658 1526 711 1589 sed
736 1525 837 1590 omnis
856 1526 982 1590 omnino
1004 1526 1138 1607 denique
1151 1525 1297 1592 excluda-

198 1633 252 1694 tur
272 1628 417 1707 essentia,
441 1626 542 1692 oritur
558 1632 681 1692 ostento
696 1626 807 1691 similis
823 1626 979 1706 quaedam
994 1627 1121 1709 species,
1145 1630 1298 1707 tanquam
1360 1672 1364 1679 -

199 1731 240 1794 sit
261 1726 382 1807 aliquid
405 1726 556 1792 etiamid
586 1726 670 1807 quod
699 1723 870 1805 remaneat,
896 1726 992 1807 idque
1019 1729 1144 1793 nomine
1166 1727 1298 1792 erebus

176 1829 335 1894 -maxime
354 1827 494 1904 diversio,
516 1827 684 1907 negatione
703 1831 735 1890 et
757 1827 894 1891 essentia
908 1827 1062 1893 violenter
1082 1827 1298 1909 conglutinatio

199 1928 353 1994 audemus
373 1926 478 1993 dicere
503 1927 561 1991 TO
586 1929 666 1989 ΜΗ
687 1927 754 2006 ON,
778 1944 842 2007 qua
864 1944 950 2007 voce,
972 1945 1043 1992 cum
1064 1947 1099 1994 re
1121 1947 1199 1995 vera
1220 1927 1298 1992 nihil
1395 1970 1398 1977 -

198 2031 241 2095 sit
260 2028 389 2108 dictum,
408 2028 544 2094 notionis
567 2028 726 2109 quoddam
749 2028 951 2094 simulacrum
974 2029 1162 2112 obrepimus,
1198 2047 1298 2109 eaque

198 2129 341 2211 obreptio
363 2146 519 2212 perquam
540 2129 652 2195 similis
673 2133 721 2194 est
741 2129 777 2206 ei,
802 2130 886 2210 quod
897 2129 991 2195 Plato
1007 2130 1038 2196 in
1049 2130 1178 2196 limaeo
1197 2128 1298 2212 (aas)

197 2231 325 2297 unicum
352 2229 556 2311 intellegendi
583 2230 750 2295 materiem
772 2228 944 2295 subsidium
966 2230 1121 2312 proponit,
1153 2229 1298 2313 λογισμῷ

198 2354 261 2410 τινι
277 2323 381 2415 νόθῳ.
406 2329 609 2410 Quamquam
624 2330 688 2394 alia
709 2330 854 2409 paullum
875 2330 998 2395 ratione
1010 2329 1173 2396 Timaeum
1193 2328 1297 2410 legen·

198 2432 282 2498 tibus
304 2424 345 2495 ad
371 2436 492 2495 rectam
516 2429 610 2495 huius
632 2429 692 2495 loci
712 2429 961 2511 intellegentiam
982 2429 1209 2496 deveniendum
1232 2433 1296 2509 est,

198 2550 282 2613 quae
301 2549 361 2611 rea,
386 2531 534 2612 quoniam
555 2530 674 2613 optime
690 2530 844 2611 illustrat,
864 2533 1018 2611 quomodo
1034 2531 1119 2614 apud
1130 2531 1297 2596 Platonem

199 2634 324 2699 diuersa
344 2632 468 2699 ratione
484 2631 679 2710 mutatisque
693 2631 838 2697 omnibus
851 2648 957 2696 rerum
973 2631 1151 2697 nominibus
1163 2630 1204 2695 ad
1215 2629 1297 2696 idern

199 2735 394 2801 deducamur
416 2738 449 2798 et
464 2732 622 2798 simillima
636 2731 771 2813 denique
787 2732 992 2813 inveniamus,
1015 2750 1096 2813 quae
1109 2730 1299 2797 videbantur

198 2853 268 2903 esse
289 2837 381 2918 longe
403 2835 566 2914 distantia,
588 2834 685 2916 digna
704 2838 761 2911 est,
787 2851 868 2914 quae
898 2853 956 2901 nos
979 2833 1123 2917 paullum
1145 2836 1296 2913 moretur,
1334 2840 1351 2896 .’

199 2953 235 3001 eo
255 2937 367 3018 magis,
392 2935 467 3015 quia
488 2937 532 3000 sic
553 2934 676 2999 occasio
698 2932 801 3013 datur,
824 2936 904 3002 duos
921 2935 1042 3001 Timaei
1061 2934 1146 3001 locos
1168 2932 1295 3012 rectius,

200 3053 295 3115 quam
316 3035 420 3101 adhuc
440 3034 559 3101 iactum
582 3034 708 3112 scimus,
733 3035 919 3118 explicandi.

298 3136 336 3201 In
353 3133 483 3200 Timaeo
504 3134 602 3216 igitur
626 3134 719 3199 Plato
740 3137 906 3202 materiem
928 3135 1105 3202 describens
1131 3133 1206 3200 dicit
1225 3149 1296 3198 eam

199 3255 268 3304 esse
300 3229 408 3300 ἁπτόν
430 3235 574 3321 λογισμῷ
593 3257 657 3300 τινι
678 3227 772 3322 νόθῳ
796 3236 946 3320 (115211),
978 3235 1092 3315 quibus
1113 3234 1216 3300 verbis
1228 3234 1296 3299 Zel-

199 3479 261 3534 susi
288 3476 491 3534 eSusemihlio
514 3478 755 3549 (1110111114)
782 3481 935 3549 propterea
952 3476 1204 3546 reprehenduntur.
1241 3474 1296 3529 Sed

199 3584 266 3623 vere
285 3566 327 3620 rei
352 3566 424 3620 ratio
446 3567 578 3631 nondum,
596 3570 628 3621 111
646 3567 767 3634 videtur,
786 3559 935 3636 perspecta
952 3582 1014 3620 mea
1026 3563 1140 3634 quidem
1158 3562 1297 3618 sententia

198 3655 268 3710 haec
293 3657 344 3710 est.
381 3654 532 3724 Postquam
560 3654 782 3723 Thrasymachus
809 3670 842 3708 eo
869 3652 995 3707 ascendit
1021 3651 1219 3722 impudentiae,
1247 3650 1297 3704 ubi

199 3740 339 3811 disputari
367 3742 424 3795 iam
450 3743 583 3811 nequest,
613 3741 741 3796 Socrates
777 3740 804 3794 ei
832 3740 908 3795 aliud
933 3745 1046 3810 praeter
1066 3736 1099 3793 τὰ
1128 3733 1296 3814 νομιζόμενα

199 3828 305 3899 (alais)
324 3829 548 3900 respondendum
566 3846 626 3884 esse
645 3828 723 3892 dicit,
746 3827 831 3897 idque
850 3828 890 3883 sic
909 3828 1010 3884 deinde
1036 3827 1111 3894 facit,
1139 3833 1171 3883 ut
1186 3831 1297 3899 promat

199 3917 476 3985 demonstrationem,
486 3931 557 3986 quae
568 3915 708 3984 singulare
716 3916 746 3969 in
759 3933 809 3970 suo
820 3933 922 3987 genere
934 3917 972 3971 sit
983 3916 1141 3972 artificium.
1161 3919 1205 3970 est
1223 3916 1296 3970 enim

199 4003 304 4060 1111111
321 4005 488 4060 immanibus
507 4005 698 4074 captionibus;
726 4004 777 4060 ssd
803 4007 862 4059 tam
880 4006 980 4060 callide
998 4007 1141 4076 teguntur,
1159 4001 1297 4056 11111111-

198 4091 343 4161 symachus
370 4091 440 4146 nihil
459 4091 581 4147 sentiens
609 4091 639 4146 in
664 4092 778 4162 laqueos
804 4092 910 4148 incidat
928 4094 1083 4162 captusque
1100 4091 1139 4146 sis
1157 4093 1296 4144 teneatur.

298 4178 343 4248 52)
363 4177 445 4245 Quod
478 4179 554 4234 enim
577 4180 696 4235 maxime
719 4181 843 4234 omnium
869 4183 951 4234 sonet
978 4178 1162 4249 sophisticum
1193 4179 1245 4232 237
1256 4176 1295 4231 E:

199 4262 365 4320 οὐδὲτοῦτο
393 4270 591 4339 συγχωρητέον,
613 4266 644 4323 τὸ
669 4265 719 4323 τὸν
746 4269 869 4324 τοιοῦτον
892 4271 984 4338 λέγειν
1000 4266 1063 4341 μὲν,
1091 4268 1182 4336 λέγειν
1200 4269 1297 4336 μέντοι

197 4353 296 4426 μηδέν,
323 4353 354 4412 id
371 4354 446 4411 sario
471 4356 598 4427 expromi
622 4362 775 4429 apparete
799 4357 861 4413 loco
880 4357 949 4427 reip.
968 4374 995 4426 p.
1009 4355 1109 4411 4783:
1137 4348 1295 4426 (ἀδύνατον)

199 4435 319 4510 δοξάζειν
335 4444 399 4519 μὲν,
417 4439 537 4511 δοξάζειν
558 4445 590 4501 δὲ
607 4446 705 4521 μηδέν.
