3000 5070
696 445 734 504 61

171 621 268 706 iungi,
288 622 386 689 etiam
407 640 458 688 res
479 622 649 703 empiricae
671 625 717 689 eis
737 625 900 692 subiectae
922 627 1112 695 iunctionem
1131 646 1195 695 non
1216 648 1265 695 re·

166 721 303 817 fugiunt.
332 722 533 804 Quamquam
549 726 656 789 autem
679 725 784 806 posita
804 726 862 790 illa
883 743 979 806 quam
1001 727 1105 794 dicere
1125 729 1264 797 solemus

167 825 368 888 conclusione
387 823 553 889 Platonica
576 823 630 905 (de
651 844 715 905 qua
730 827 866 908 postea),
888 828 1039 907 tunditus,
1061 834 1099 893 ut
1118 829 1264 910 vidimus,

167 923 334 989 deducitur
353 923 425 990 idea
443 924 527 990 entis
548 930 581 989 11
602 925 693 1006 11111,
717 944 820 1007 neque
842 945 898 991 cur
919 929 1024 993 subito
1041 928 1134 994 Plato
1158 934 1263 998 omnia

166 1025 225 1088 illa
252 1022 325 1108 γένη
353 1025 441 1090 ideas
473 1042 541 1089 esse
568 1027 645 1091 velit
672 1027 784 1106 (251ss
799 1027 860 1110 sq.)
883 1027 1028 1094 dubitare
1050 1031 1162 1110 possis
1193 1051 1265 1098 cum

166 1125 208 1189 ad
230 1125 336 1188 omnia
358 1126 459 1205 possit
479 1126 623 1191 adbiberi
643 1127 684 1206 id,
702 1127 785 1208 quod
798 1128 838 1192 de
850 1129 959 1209 paucis
977 1134 1051 1195 ante
1067 1137 1117 1196 est
1138 1131 1265 1198 demon·

166 1228 304 1290 stratum
328 1222 440 1306 (aoid
453 1224 532 1307 sq.):
566 1230 673 1290 tamen
699 1226 868 1309 Ribbingio
898 1228 936 1309 (Ι,
959 1229 1087 1310 2091.)
1116 1232 1266 1297 accedere

166 1324 341 1404 nequimus
365 1327 502 1405 putanti,
526 1326 585 1390 boc
608 1344 678 1391 esse
705 1325 821 1407 dialogi
845 1329 1018 1408 consilium,
1046 1336 1084 1395 11
1113 1332 1266 1413 exemplis

166 1423 319 1489 doceatur
340 1424 497 1503 quomodo
519 1426 552 1489 in
573 1425 695 1508 γενέσει
720 1418 815 1490 odoia
835 1430 958 1510 analysi
980 1430 1080 1509 possit
1103 1428 1263 1510 deprendi.

164 1541 238 1587 nam
260 1541 363 1603 neque
381 1525 459 1589 illud
480 1522 563 1588 κατὰ
582 1516 683 1588 ταύτὰ
706 1520 866 1604 ὡσαύτως
883 1529 944 1593 nisi
966 1528 1148 1594 brevissime
1171 1529 1265 1594 2490

165 1623 327 1703 probatur,
353 1626 408 1690 sed
422 1625 462 1690 ab
484 1622 581 1689 εἰδῶν
601 1626 711 1712 φίλοις
726 1629 870 1707 sumitur,
895 1631 928 1691 11
943 1625 1073 1710 γένεσις,
1094 1632 1263 1710 postquam

165 1723 245 1788 illud
269 1743 307 1790 11
334 1743 398 1789 111
425 1728 577 1791 contineri
601 1729 761 1809 cognitum
793 1733 850 1807 est,
882 1727 951 1793 sine
982 1746 1072 1792 mora
1102 1730 1266 1811 seponitur
1288 1777 1292 1782 .

164 1824 240 1906 (249
249 1823 299 1906 B).
332 1825 466 1892 Omnino
489 1833 597 1892 autem
620 1828 712 1893 Plato
734 1828 793 1895 hoc
815 1830 943 1909 quidem
965 1831 1000 1894 in
1021 1829 1148 1912 dialogo
1169 1830 1265 1898 rebus

73 1992 85 2004 .
163 1925 362 1991 sensibilibus
383 1945 446 1992 non
467 1928 570 1992 utitur
590 1929 652 1993 nisi
673 1930 764 2008 quasi
786 1924 950 2011 ἐπιβάσει,
965 1930 1050 1994 unde
1071 1931 1267 2012 simulatque

165 2025 207 2091 ad
226 2024 314 2091 ideas
336 2026 484 2108 evolavit,
497 2028 568 2093 illas
580 2029 709 2109 omittit,
723 2031 754 2094 11
771 2028 885 2094 harum
900 2028 1094 2095 sublimitate
1107 2036 1216 2096 versat
1256 2081 1264 2097 .

264 2353 531 2418 Perlustravimus
549 2371 657 2419 omnes
668 2353 836 2436 Sophistae
857 2353 975 2435 dialogi
992 2358 1111 2434 partes,
1124 2354 1264 2420 videtur·

165 2473 227 2536 que
257 2455 403 2520 relictum
431 2471 501 2519 esse
529 2454 654 2519 obscuri
683 2454 771 2518 nihil.
812 2455 927 2520 Restat
957 2455 1086 2520 utiam
1117 2454 1264 2520 brevibus

163 2575 348 2638 supremum
376 2555 446 2620 libri
476 2555 638 2619 consilium
667 2561 850 2621 statuamus
878 2561 911 2620 et
943 2554 1098 2636 quomodo
1130 2554 1171 2621 ab
1204 2556 1264 2621 boc

163 2658 267 2722 omnia
288 2657 458 2738 pendeant,
481 2661 640 2735 quatenus
661 2662 755 2738 egeat
776 2658 956 2733 monitione,
978 2673 1173 2722 moneamus.

261 2759 359 2822 Recte
380 2755 635 2833 fecitBonitzius,
658 2756 743 2837 quod
765 2756 937 2836 sententias
956 2775 1072 2836 pamm
1087 2760 1262 2836 accuratas,

164 2878 246 2940 quae
267 2862 343 2922 tunc
364 2856 403 2920 de
422 2854 590 2937 Sophistae
611 2858 738 2922 oonsilio
760 2856 951 2937 terebantur,
974 2856 1119 2923 contudit
1142 2859 1187 2938 (p.
1202 2861 1264 2921 320

163 2957 291 3041 -324).
313 2975 410 3038 quam
441 2975 516 3021 vero
544 2956 657 3021 deinde
685 2957 852 3038 proposuit
881 2976 972 3023 suam
1002 2957 1200 3034 sententiam,
1234 2957 1263 3022 ei

163 3059 310 3125 accedere
330 3057 508 3138 nequimus.
541 3059 751 3139 primumque,
780 3077 852 3122 cum
881 3064 975 3125 antea
1001 3058 1118 3124 soleret
1144 3058 1261 3140 putari,

162 3160 370 3226 fundamenta
404 3157 443 3221 de
474 3156 551 3222 ideis
583 3157 744 3222 doctrinae
774 3157 807 3219 in
827 3157 975 3239 Sophiste
1003 3158 1072 3238 iaci,
1101 3157 1264 3222 Bonitzius

163 3261 295 3339 censuit,
325 3258 385 3323 hac
414 3258 485 3339 ipsa
504 3258 649 3323 doctrina
668 3259 728 3323 niti
749 3277 967 3339 quaecumque
996 3260 1027 3323 in
1054 3259 1115 3323 hoc
1136 3258 1262 3339 dialogo

160 3361 368 3426 disserantur.
383 3359 467 3438 quod
486 3359 640 3438 imprimis
650 3358 786 3438 probare
799 3359 923 3424 studuit
935 3376 981 3439 ea,
1000 3376 1097 3438 quam
1112 3358 1259 3438 diximus,

165 3463 363 3529 conclusione
374 3460 546 3525 Platonica.
560 3459 705 3525 concludi
719 3462 801 3525 enim
813 3461 870 3526 sic:
887 3462 1003 3526 ‘anima
1014 3465 1064 3526 est
1073 3460 1169 3525 iusta.
1185 3476 1262 3540 ergo

161 3565 283 3630 iustitia
298 3564 366 3627 est’
377 3562 440 3642 ¹¹³).
461 3561 581 3626 Verum
594 3566 650 3640 est,
665 3561 746 3626 banc
760 3562 991 3627 conclusionem
1006 3579 1064 3642 per
1076 3566 1183 3626 totum
1195 3560 1261 3625 dia·

160 3669 268 3753 logum
279 3686 349 3734 esse
359 3663 658 3747 frequentissimam.
671 3670 703 3729 et
716 3665 842 3746 quidem
854 3665 966 3746 positis
978 3663 1058 3728 ideis
1069 3663 1149 3726 baec
1159 3662 1262 3742 sequi·

161 3778 216 3837 tur
234 3766 400 3847 conclusio,
418 3784 480 3831 non
496 3770 604 3831 autem
623 3766 677 3830 ubi
695 3766 851 3832 conclusio
863 3764 1033 3831 adhibetur
1052 3762 1172 3844 positas
1192 3779 1264 3828 esse

264 4020 326 4089 113)
343 4019 413 4073 Plat.
434 4017 513 4071 Stud.
531 4017 573 4078 Π,
597 4035 624 4086 p.
642 4018 704 4074 320.
741 4018 803 4070 Huc
830 4017 915 4070 etiam
942 4013 1062 4070 redeunt
1086 4031 1156 4084 quae
1183 4012 1263 4068 addit

160 4129 190 4181 p.
203 4111 265 4164 323.
300 4108 446 4177 Adiungit,
470 4107 497 4160 ei
514 4107 564 4175 qui
585 4105 706 4160 condere
731 4106 864 4160 voluisset
890 4105 924 4159 de
942 4104 1012 4158 ideis
1030 4104 1188 4158 doctrinam
1206 4121 1263 4157 non

160 4199 272 4254 licuisse
294 4213 358 4266 pro
376 4195 603 4249 fundamento
626 4212 759 4264 ponere
785 4195 849 4260 (hoc
867 4209 924 4248 non
944 4193 1025 4257 dixit,
1052 4191 1103 4246 sed
1125 4193 1157 4246 ni
1180 4191 1263 4246 fallor

162 4287 259 4342 debuit
277 4283 380 4354 dicere)
396 4283 568 4354 Megaricam
585 4283 751 4338 doctrinam.
780 4282 829 4337 sed
850 4285 987 4350 quatenus
1010 4298 1071 4334 eam
1089 4279 1157 4334 fecit
1174 4297 1261 4346 11111,

161 4379 284 4438 catenus,
312 4388 407 4426 omnes
434 4372 501 4424 alias
527 4370 709 4437 excludendo,
735 4371 794 4425 eius
816 4370 964 4425 veritatem
986 4367 1202 4432 demonstravit,
1229 4371 1262 4423 ut

161 4463 294 4530 vidimns;
310 4478 400 4532 neque
418 4459 497 4515 deest
515 4459 589 4514 illius
607 4457 675 4514 κατὰ
687 4455 769 4514 ταύτὰ
782 4453 911 4520 ὡσαύτως
921 4459 1015 4514 brevis
1026 4456 1158 4528 probatio
1172 4455 1260 4521 2490,
