3000 5070
741 455 781 516 52

211 642 312 707 mina:
336 635 428 717 ἰδέαι,
450 629 530 721 εἴδη,
552 633 634 720 γένη,
658 635 774 716 passim
799 639 832 699 et
853 636 1030 716 promiscue
1059 637 1120 704 bac
1141 637 1309 720 Sophistae

212 746 304 822 parte
328 742 507 816 occurrunt,
523 753 582 801 neo
597 735 711 800 desunt
731 735 794 800 alia
817 733 888 798 illa:
912 724 1015 812 ὅντως
1031 725 1077 815 ὅν,
1098 736 1226 819 μετέχει
1249 746 1308 806 eto.

211 841 300 905 Idem
321 840 467 919 sequitur
488 857 527 903 ex
550 836 713 916 exemplis,
738 835 852 915 quibus
874 854 925 902 res
946 838 1078 917 geritur.
1107 840 1189 905 Nam
1202 835 1241 905 τὸ
1259 832 1305 919 ὅν,

212 937 343 1025 κίνησιν,
368 932 480 1002 στάσιν
502 936 588 1002 ideas
608 954 678 1002 esse
698 936 732 999 in
751 936 1014 1017 praecedentibus
1036 959 1055 1003 a
1076 939 1209 1006 Platone
1231 941 1307 1007 vidi·

210 1058 280 1105 mus
301 1041 569 1117 demonstratum
594 1054 675 1116 quae
698 1054 775 1101 vero
796 1037 956 1114 accedunt,
972 1029 1091 1104 ταύτόν
1105 1045 1138 1104 et
1152 1035 1307 1124 θάτερον,

211 1141 243 1205 in
271 1158 380 1204 eorum
404 1138 541 1203 essentia
562 1134 718 1200 firmanda
745 1136 864 1201 multus
895 1141 954 1217 est,
987 1140 1232 1219 254E-255E,
1253 1161 1306 1207 ne·

210 1259 271 1322 que
292 1240 382 1305 video
404 1241 548 1304 curtam
569 1237 682 1301 miram
703 1236 898 1317 diligentiam
928 1257 966 1303 aa
993 1240 1026 1302 in
1058 1257 1093 1304 re
1115 1240 1305 1319 adhibuerit,

209 1342 270 1407 nisi
297 1342 373 1423 quia
403 1339 442 1404 de
469 1339 612 1403 idearum
639 1337 777 1403 essentia
800 1337 1046 1403 demonstranda
1071 1340 1192 1423 agitur;
1223 1361 1307 1423 quae

209 1440 313 1506 omnia
337 1441 364 1506 si
386 1439 435 1504 cui
454 1457 520 1503 rem
543 1436 671 1503 dubiam
693 1437 869 1515 relinquere
882 1439 1059 1517 videantur,
1082 1441 1111 1505 ei
1135 1443 1305 1521 persuade-

207 1543 287 1608 bunt
307 1541 410 1620 verba,
434 1538 547 1618 quibus
567 1537 639 1602 idea
653 1538 713 1602 τοῦ
733 1530 778 1620 μὴ
801 1525 895 1613 ὄντος
915 1538 1103 1605 describitur
1117 1541 1245 1607 258BC
1257 1544 1305 1622 89).

209 1641 358 1722 Sequitur
379 1639 484 1720 igitur,
513 1643 550 1702 ut
579 1638 685 1703 omnia
715 1636 770 1701 illa
793 1633 876 1721 γένη,
908 1657 1042 1719 quorum
1067 1638 1145 1704 haec
1168 1643 1306 1723 quinque

207 1742 352 1823 exempla
374 1745 457 1819 sunt,
479 1738 499 1804 i.
516 1757 541 1803 e.
564 1738 669 1802 omnia
690 1755 796 1801 rerum
819 1738 1002 1817 praedicata
1023 1740 1155 1822 (251A),
1179 1760 1250 1807 cum
1273 1748 1306 1808 et

206 1843 318 1908 adesse
340 1840 462 1922 possint
485 1842 517 1902 et
538 1838 648 1909 abesse
667 1839 741 1917 (247
749 1836 800 1917 Α),
823 1838 885 1901 sint
899 1836 989 1903 ideae
1011 1841 1220 1918 (conclusione
1231 1842 1304 1907 Pla-

205 1941 333 2024 tonica).
377 1939 576 2018 Quamquam
602 1943 711 2002 autem
734 1936 808 2001 huic
829 1936 1016 2019 sententiae,
1047 1958 1129 2021 quae
1147 1942 1186 2006 ad
1208 1959 1303 2024 expo·

93 2059 99 2068 ·
205 2043 342 2109 nondam
373 2058 525 2122 generum
543 2039 803 2122 ‚communionem
828 2040 895 2104 sine
917 2042 1186 2106 demonstratione
1207 2042 1302 2109 sumi·

206 2147 276 2207 tur:
311 2146 390 2208 ‘esse
422 2141 509 2206 ideas
540 2139 647 2205 omnia
674 2157 782 2205 rerum
811 2140 1013 2221 praedicata,
1047 2143 1113 2223 peti
1135 2147 1242 2223 potest
1263 2162 1304 2208 ex

206 2246 250 2309 eis
265 2261 347 2325 quae
361 2244 598 2308 antecesserunt
613 2239 772 2321 quoddam
792 2239 1040 2321 fundamentum,
1064 2246 1173 2309 tamen
1193 2249 1304 2312 nostra

205 2345 350 2425 opinione
380 2360 481 2422 neque
515 2343 584 2422 ipse
607 2338 756 2420 Sophista
784 2358 887 2422 neque
913 2341 1105 2410 Theaetetus
1139 2344 1302 2411 sufficiunt

202 2446 263 2511 soli
284 2445 326 2509 ad
346 2442 534 2509 firmandam
559 2442 876 2507 eius-auctoritatem.
898 2444 954 2508 sed
967 2442 1045 2510 haec
1058 2444 1143 2511 ultra
1153 2452 1298 2512 nostrum

202 2545 401 2625 propositum
423 2546 507 2608 sunt.
539 2544 690 2623 ceterum,
715 2560 787 2608 cum
807 2537 878 2607 eam
900 2544 1089 2608 senteutiam
1110 2563 1233 2611 mecum
1250 2563 1299 2610 re·

201 2648 285 2725 peto,
312 2661 414 2724 equa
435 2643 550 2708 statuit
571 2641 664 2706 Plato
692 2642 829 2722 primum
856 2643 974 2725 logicas
1005 2644 1158 2723 notiones,
1186 2649 1299 2726 postea

203 2743 436 2824 metaphysicas
458 2742 556 2822 ideas,
580 2741 666 2808 subit
688 2743 827 2808 animum
851 2743 1025 2808 recordatio
1052 2742 1153 2825 mytbi
1182 2745 1216 2808 in
1237 2744 1297 2807 Po·

201 2844 287 2909 litico
308 2842 440 2924 narrati,
462 2843 495 2906 in
521 2859 583 2923 quo
606 2861 697 2908 senes
720 2843 760 2907 ad
782 2841 950 2908 infantiam
972 2843 1116 2908 redeunt.

300 2943 380 3008 Sunt
401 2944 501 3024 igitur
522 2960 638 3023 genera
661 2943 725 3023 illa,
751 2960 886 3025 quorum
908 2944 941 3007 in
960 2943 1110 3024 Sophista
1128 2941 1296 3025 exponitur

199 3043 386 3124 communio,
424 3045 514 3108 ideae
547 3042 695 3123 aliudque
727 3043 814 3121 nibil,
848 3060 951 3123 neque
987 3060 1095 3108 eorum
1125 3042 1296 3123 probamus

200 3147 398 3221 sententiam,
424 3143 478 3225 qui
499 3144 561 3208 alio
584 3144 686 3224 modo,
709 3162 805 3225 quam
828 3142 1066 3225 supradictum
1092 3146 1150 3223 est,
1179 3141 1296 3222 duplex

202 3235 239 3310 ὅν
258 3248 413 3311 statuunt.
457 3244 525 3310 Iam
546 3262 620 3309 vero
642 3245 800 3325 duplicem
826 3243 926 3323 illam,
958 3261 1055 3322 quam
1086 3242 1125 3306 dc
1148 3249 1219 3308 ente
1241 3240 1298 3309 ob·

200 3345 404 3433 servavimus,¹
429 3350 579 3411 naturam
607 3347 704 3414 latius
726 3366 784 3429 per
805 3350 969 3413 notionum
998 3353 1136 3429 systema
1162 3346 1296 3413 effusam

200 3445 352 3526 ridemus,
374 3465 455 3528 quae
476 3466 536 3525 res,
561 3466 633 3513 cum
662 3450 702 3514 ad
723 3455 824 3514 totam
853 3447 1023 3513 κοινωνίαν
1049 3447 1297 3529 perspiciendam

200 3547 366 3612 utilissima
387 3547 438 3628 sit,
460 3549 568 3628 paullo
591 3549 716 3632 longius
738 3549 953 3630 repetentibus
978 3555 1027 3615 est
1049 3548 1250 3614 illustranda.

297 3647 452 3714 Vocabuli
476 3650 555 3730 ‘est’,
577 3667 638 3729 quo
652 3651 827 3716 subiectum
844 3658 875 3716 et
887 3650 1105 3732 praedicatum
1126 3650 1295 3731 iungimus,

200 3767 292 3814 nemo
316 3768 379 3815 non
407 3749 494 3815 ridet
528 3751 592 3815 rim
627 3768 696 3815 esse
720 3750 912 3833 ambiguam.
951 3758 1008 3817 aut
1031 3751 1114 3817 enim
1135 3752 1296 3832 propriam

199 3854 348 3915 naturam
370 3851 510 3916 retinens
532 3849 698 3931 significat,
733 3850 866 3917 subiecti
888 3853 1110 3917 essentiam
1135 3869 1182 3930 eo,
1212 3849 1296 3930 quod

197 3955 358 4030 sequatur,
387 3949 570 4030 praedicato
600 3950 714 4017 referri
735 3953 902 4034 integram,
936 3953 982 4018 ita
1004 3957 1040 4016 ut
1062 3950 1239 4015 subiectum
1263 3954 1296 4014 et
1329 3958 1332 3964 ’

197 4050 415 4135 praedicatum
447 4069 517 4120 sese
549 4052 683 4120 invicem
709 4055 873 4122 involvant
906 4059 939 4120 et
965 4053 1115 4118 iudicium
1145 4053 1297 4118 nascatur

297 4368 341 4438 89)
360 4366 429 4421 Cum
446 4365 491 4421 his
509 4365 590 4432 conf„
608 4382 679 4436 quae
696 4365 727 4421 in
744 4366 860 4423 eandam
872 4367 1040 4424 sententiam
1053 4365 1207 4437 disputarit
1218 4363 1295 4421 Rib-

196 4455 526 4531 bmstfflmm
