3000 5070
761 458 801 519 30

328 639 374 704 dc
393 639 433 704 de
452 637 603 701 non-ente
624 635 757 701 relativo
780 636 857 702 sotis
873 635 990 703 dictum
1005 642 1062 705 est.
1094 639 1162 704 lam
1176 641 1329 706 adeamus

230 738 365 805 alterurn
387 736 466 802 illnd
484 753 616 812 non-ens
640 736 822 802 absolutum
844 738 895 802 nel
915 737 1175 820 metaphysicum,
1205 740 1245 804 de
1265 757 1328 821 quo

229 840 324 905 Plato
356 857 391 904 se
419 837 499 901 nihil
528 836 653 901 omnino
681 840 823 902 statuere
851 839 1032 903 cautissime
1052 838 1194 905 declarat
1214 838 1326 904 258E:

228 933 324 1025 ἡμεῖς
342 932 405 1023 γαρ
428 933 507 1017 περὶ
527 933 587 1017 μὲν
611 932 755 1000 ἐναντίου
780 927 982 1022 nandeciso]
1011 939 1070 1023 (τῷ
1093 926 1175 1022 ὄντι)
1204 936 1329 1022 χαίρειν

228 1033 330 1103 πάλαι
351 1037 495 1121 λέγομεν,
515 1029 667 1100 εἴν-’ἔστιν
688 1028 755 1100 e'c'ce
775 1029 834 1120 μή,
863 1029 960 1119 λόγον
987 1032 1063 1117 ἔχον
1083 1030 1105 1122 ἢ
1125 1037 1179 1103 καὶ
1200 1033 1326 1102 παντά-

228 1161 330 1204 πασιν
349 1127 475 1222 ἄλογον.
496 1137 546 1202 bis
561 1136 665 1201 verbis
687 1140 761 1202 sunt
781 1139 834 1217 qui
849 1139 964 1219 putent
977 1137 1144 1218 significari
1160 1141 1328 1206 materiam

228 1239 426 1306 Platonicam
438 1240 487 1317 ⁴⁸).
511 1240 544 1302 et
565 1255 686 1316 revera,
709 1255 781 1303 cum
804 1238 862 1302 hoc
878 1256 1010 1303 non-ens
1029 1239 1210 1305 absolutum
1229 1241 1262 1305 id
1276 1240 1326 1319 sit,

229 1340 313 1423 quod
333 1341 508 1418 remaneat,
531 1338 558 1403 si
579 1354 672 1403 omne
694 1355 758 1415 ens,
782 1338 802 1404 i.
816 1358 843 1404 e.
867 1355 975 1403 omnes
995 1338 1082 1404 ideas
1104 1340 1155 1406 vel
1175 1341 1327 1422 notiones,

228 1462 285 1510 seu
315 1439 468 1523 quidquid
495 1438 619 1504 omnino
649 1438 788 1519 intellegi
819 1441 926 1521 queat,
957 1438 1050 1504 rebus
1072 1423 1259 1521 detraxeris,
1280 1458 1329 1505 re-

228 1546 357 1611 maneat
377 1543 484 1606 autern
505 1543 574 1604 tum
596 1537 673 1602 nihil
694 1542 823 1621 praeter
842 1541 1018 1620 materiem,
1046 1544 1172 1604 tantum
1200 1540 1327 1622 quidem

228 1644 268 1711 ab
290 1641 434 1710 omnibus
455 1639 686 1705 concedendum
706 1644 763 1718 est,
787 1641 814 1705 si
836 1659 855 1705 a
876 1640 1019 1705 doctrina
1037 1642 1069 1705 in
1092 1640 1240 1723 Sophiste
1254 1658 1327 1720 pro·

226 1744 332 1829 posita
347 1741 633 1824 circumspicientes
651 1739 851 1821 quaeramus,
877 1740 931 1806 ubi
945 1743 1084 1807 locomm
1099 1742 1249 1807 materies
1272 1739 1329 1805 hs-

227 1846 315 1924 bitot,
344 1860 406 1908 non
434 1840 567 1918 exalia,
591 1844 697 1920 atque
719 1860 760 1906 ex
779 1841 839 1906 hac
861 1841 1019 1906 non-entis
1040 1841 1176 1907 absoluti
1198 1841 1327 1923 regione

228 1964 298 2013 eam
321 1960 390 2010 esse
411 1941 674 2024 repetendam⁴⁹t
710 1941 861 2007 maiorem
881 1943 978 2007 etism
1003 1943 1069 2008 neri
1092 1941 1326 2008 similitudinem

227 2080 291 2135 tolli
316 2075 527 2132 universitatem
554 2074 687 2146 principii
713 2076 952 2132 contradictionis.
983 2095 1047 2132 cum
1074 2076 1148 2131 enim
1167 2076 1270 2146 duplex
1288 2077 1326 2130 sit

227 2164 384 2238 negationis
402 2163 501 2229 virtus,
519 2163 641 2233 primum
659 2181 694 2218 ne
713 2161 780 2232 quid
798 2163 927 2228 affirmet,
945 2164 1046 2219 deinde
1064 2167 1097 2217 ut
1113 2162 1144 2218 id
1156 2164 1231 2233 quod
1243 2181 1326 2234 nege·

206 2282 209 2286 ·
226 2259 275 2310 tur
292 2252 430 2316 excludat,
449 2251 526 2321 apud
542 2251 698 2315 Platonem,
715 2268 780 2305 cum
797 2249 828 2305 τὸ
846 2249 886 2322 μὴ
904 2246 937 2307 ὅν
956 2251 982 2307 ei
1000 2253 1037 2305 sit
1053 2250 1146 2321 ἕτερον
1157 2271 1191 2317 τι,
1204 2251 1325 2321 primum

227 2342 364 2398 adfirmari
381 2342 540 2412 negatione,
558 2339 660 2395 deinde
677 2356 733 2393 non
752 2340 820 2395 satis
839 2340 950 2394 excludi
966 2344 1107 2410 negatum,
1133 2339 1173 2393 ita
1193 2343 1233 2403 nt,
1262 2356 1325 2394 cum

228 2430 300 2485 nihil
319 2431 422 2492 obstet.
440 2427 587 2497 quominus
603 2427 676 2480 idem
701 2427 858 2482 subiectum
882 2428 938 2482 duo
965 2428 1077 2482 diversa
1100 2430 1263 2498 praedicata
1279 2429 1328 2484 ha·

227 2518 302 2582 beat,
313 2516 427 2571 Platoni
439 2518 531 2571 autem
548 2514 661 2584 negatio
673 2531 749 2569 mere
767 2515 909 2570 diversum
928 2515 1075 2586 significet,
1094 2515 1156 2571 fieri
1175 2517 1273 2587 possit,
1290 2520 1323 2572 nt

226 2605 300 2661 idem
319 2604 473 2661 subiectum
491 2602 617 2672 patiatur
635 2603 827 2672 praedicatum
850 2604 987 2673 simulque
1005 2606 1064 2659 eius
1082 2605 1269 2677 negationem.
1289 2628 1321 2646 ⁵-

226 2693 282 2748 Sed
300 2692 421 2762 primum
440 2709 475 2746 ex
498 2708 539 2757 eo,
564 2689 639 2760 quod
657 2690 739 2746 Plato
757 2708 814 2745 non
833 2692 921 2746 solum
941 2692 1041 2746 statuit
1058 2692 1150 2747 ideam
1169 2695 1260 2762 καλοῦ,
1278 2692 1338 2749 dr.

226 2786 314 2849 ναίου,
333 2778 483 2834 sedetiam
501 2776 540 2850 μὴ
555 2780 646 2848 καλοῦ,
668 2776 707 2852 μὴ
727 2780 841 2845 δικαίου,
868 2796 1042 2849 nequaquam
1061 2781 1187 2849 seqnitur
1205 2781 1324 2837 affirma·

225 2869 286 2924 tina
303 2867 346 2923 ris
363 2867 521 2938 negationis
542 2868 643 2933 (⁴Plato
663 2884 750 2922 seems
769 2870 800 2922 to
820 2868 950 2923 consider
967 2869 1017 2923 the
1035 2869 1166 2939 negative
1185 2887 1215 2925 as
1235 2887 1324 2940 aspe-

226 2957 284 3012 ciea
310 2955 342 3010 of
363 2953 555 3025 affirmatire’),
582 2972 647 3008 nam
673 2972 736 3009 cum
764 2956 878 3026 negatio
904 2961 963 3011 tum
988 2955 1139 3012 affirmatio
1157 2957 1270 3012 Platoni
1295 2958 1325 3011 in

226 3049 354 3116 κοινωνίᾳ
371 3061 436 3098 cum
453 3043 524 3097 ideis
543 3042 635 3112 posita
657 3048 717 3111 esc,
745 3043 846 3098 deinde
871 3061 938 3099 vero
956 3044 1047 3111 Plato,
1074 3046 1140 3100 dum
1158 3047 1324 3100 relationem

224 3134 301 3189 inter
323 3129 355 3187 τὸ
378 3137 453 3204 μέγα
478 3133 507 3186 et
529 3128 560 3185 τὸ
580 3124 665 3185 καλόν
681 3147 732 3186 nec
749 3149 806 3186 non
825 3132 988 3186 relationem
1007 3129 1132 3188 interris
1152 3137 1227 3205 μέγα
1247 3135 1277 3187 et
1292 3129 1324 3187 τὸ

225 3218 265 3295 μὴ
283 3223 358 3295 μέγα
376 3220 466 3275 eidem
484 3220 582 3291 generi
598 3214 751 3293 ἑτερότητος
770 3220 923 3290 subiungit,
942 3223 1037 3276 tamen
1049 3221 1196 3291 utriusque
1213 3221 1326 3278 relatio-

225 3309 269 3363 nis
287 3308 438 3364 discrimen
452 3309 578 3363 indicare
602 3326 659 3363 non
677 3308 810 3378 neglexit,
837 3307 1032 3364 velatarum:
1059 3309 1115 3364 τῶν
1139 3303 1227 3365 ὅντων
1251 3306 1325 3371 τινὸς

226 3395 288 3456 ἑνὸς
304 3402 400 3468 γένους
418 3393 577 3470 ἀφορισθέν
594 3400 651 3449 καὶ
667 3391 753 3467 πρός
768 3416 800 3449 τι
817 3396 884 3451 τῶν
901 3389 1009 3452 ὄντων
1027 3387 1065 3451 αὖ
1073 3389 1177 3452 πάλιν
1194 3393 1324 3451 ἀντιτε-

226 3486 308 3549 θὲν,
326 3480 395 3538 οὕτω
412 3485 581 3556 ξυμβέβηκεν
599 3484 667 3539 εἶναι
692 3480 723 3537 τὸ
748 3480 788 3556 μὴ
815 3479 907 3540 καλόν.
934 3487 1053 3554 possunt
1075 3484 1166 3554 igitur
1189 3483 1225 3538 ed
1250 3483 1325 3538 idem

227 3572 383 3628 subiectum
412 3572 555 3641 pertinere
583 3571 637 3626 duo
663 3567 862 3645 ἀφορισθέντα
882 3573 974 3644 (μέγα,
993 3565 1088 3642 καλόν)
1116 3572 1165 3626 sed
1188 3589 1246 3627 non
1268 3572 1324 3640 duo

226 3657 400 3716 ἀποτεθέντα
419 3663 514 3732 (μέγα,
533 3656 574 3732 μὴ
592 3659 688 3732 μέγα).

325 3749 372 3819 48)
391 3746 567 3804 Susamihl
583 3764 611 3816 p.
624 3750 685 3801 307.
722 3745 903 3801 Deusohle
921 3763 950 3817 p.
963 3749 1024 3802 302.
1061 3746 1168 3802 Munk
1183 3765 1212 3817 p.
1226 3749 1289 3803 482.

325 3838 371 3907 49)
391 3836 577 3904 Quamobrem
594 3833 641 3890 vel
658 3836 810 3903 propterea
827 3851 934 3904 nequeo
953 3835 1086 3893 accedere
1105 3837 1154 3903 eis,
1172 3855 1243 3907 quae
1255 3839 1325 3893 Har·

227 3924 411 3981 temteininm
427 3927 537 3981 secutus
554 3922 703 3992 proposuit
714 3922 924 3988 Bonitnius,
943 3927 1043 3995 optans
1061 3924 1121 3980 fere
1138 3925 1228 3997 magis
1240 3942 1324 3995 quem

227 4013 366 4068 coniciens
386 4013 424 4081 (p.
439 4014 491 4067 329
508 4030 536 4066 n.
550 4010 596 4079 50)
624 4010 752 4066 ‘voluisse
777 4010 897 4066 fortasse
921 4012 1067 4067 Platonem
1089 4029 1226 4081 generum
1249 4030 1324 4069 com·

226 4102 358 4156 munione
379 4100 514 4154 mundum
541 4097 701 4153 sensibilem
726 4115 741 4152 e
768 4099 853 4153 meris
877 4099 948 4152 ideis
969 4095 1125 4154 deducere?
1157 4118 1222 4155 nam
1241 4117 1324 4156 omne

225 4187 295 4244 illud
307 4181 427 4258 θάτερον
442 4188 536 4242 intra
552 4186 638 4255 ideas,
657 4185 747 4241 solum
763 4186 817 4241 hoc
835 4188 882 4239 τοῦ
900 4180 980 4246 ὄντος
992 4186 1117 4241 ἐναντίον
1136 4190 1241 4242 extra
1258 4187 1323 4242 illas

226 4275 312 4340 cadit,
329 4290 446 4344 cumque
464 4275 596 4330 materies
613 4275 695 4330 buius
712 4274 769 4328 iem
782 4272 887 4329 finibus
906 4273 943 4329 sit
955 4273 1175 4344 circumscripta,
1194 4292 1251 4330 non
1267 4292 1324 4331 am·

225 4363 301 4436 plius
318 4363 394 4419 illins
412 4380 466 4436 ope
483 4366 630 4434 poter-ata
646 4362 812 4434 philosopho
831 4363 936 4434 quaeri.
957 4393 990 4407 ·-
1009 4363 1064 4421 Sed
1088 4364 1123 4420 de
1140 4362 1193 4419 bac
1216 4380 1248 4420 re
1265 4363 1324 4435 ple-

226 4452 290 4511 nius
306 4455 406 4527 postea
421 4452 561 4524 disputari
578 4452 695 4524 poterii.
