3000 5070
715 456 752 518 ll

287 647 346 714 His
368 647 467 727 igitur
489 645 612 725 septem
635 643 795 725 sophistae
818 639 1052 708 definitionibus
1065 639 1283 721 praemittitur

187 748 228 815 ad
251 747 435 813 methodum
459 746 666 811 exercendam
688 744 828 810 definitio
850 743 1018 825 piscatoris
1040 739 1281 823 219Α-2210,

186 851 220 916 in
241 868 306 930 qua
328 866 486 929 quaenam
509 848 621 928 ‘logica
643 847 731 912 vitia’
744 844 1051 912 Schaarschmidtius
1073 845 1158 912 dicat
1180 846 1283 911 inesse

186 955 231 1032 (p.
246 947 319 1032 183)
332 950 446 1025 nescio,
471 949 533 1014 nisi
545 949 627 1012 torte
650 947 682 1012 id
705 947 752 1012 ita
773 947 956 1028 appellavit,
977 945 1061 1028 quod
1079 946 1121 1013 ad
1133 946 1284 1011 animalia

186 1050 355 1117 dividenda
376 1049 617 1116 fundamentum
637 1050 798 1116 divisionis
823 1069 840 1114 e
861 1048 930 1115 loco
950 1049 1079 1130 petitur,
1102 1046 1157 1111 ubi
1178 1045 1284 1112 solent

186 1152 375 1216 commorari
406 1152 542 1229 22οΑΒ,
577 1153 624 1217 ita
655 1156 693 1216 ut
724 1151 763 1216 ab
795 1151 897 1215 altera
930 1154 1024 1230 parte
1052 1149 1201 1213 animalia
1228 1165 1282 1229 pe·-

187 1250 316 1329 destria,
338 1252 378 1317 ab
394 1252 496 1318 altera
517 1252 663 1318 natantia
693 1256 787 1331 stent,
812 1253 845 1316 in
866 1249 946 1316 haec
968 1255 1086 1327 autem,
1107 1252 1204 1330 prout
1225 1251 1284 1315 aut

186 1370 245 1432 per
267 1369 374 1417 aerem
396 1352 504 1417 volent
525 1356 582 1416 aut
604 1352 637 1416 in
661 1369 746 1432 aqua
767 1352 976 1432 reperiantur,
1002 1350 1119 1431 duplex
1140 1348 1282 1414 venatio·

185 1452 234 1518 nis
258 1469 358 1532 genus
371 1456 544 1532 statuatur,
570 1442 779 1535 ὅρνιθευτικὴ
803 1454 860 1515 aut
880 1443 1054 1534 ἁλιευτική.
1090 1448 1182 1514 Hanc
1205 1447 1282 1513 divi·

185 1551 306 1620 sionem
320 1552 347 1617 si
359 1552 547 1617 Aristoteles
570 1552 767 1633 vituperavit
789 1549 887 1631 (quod
903 1549 1029 1631 quidem
1050 1550 1129 1615 satis
1151 1546 1282 1612 dubium

187 1650 250 1733 est)
270 1669 328 1717 suo
344 1652 413 1716 iure
435 1651 575 1735 fecit29).
598 1653 682 1734 apud
696 1651 861 1717 Platonem
884 1653 1036 1717 accurata
1056 1653 1191 1714 naturae
1211 1666 1283 1714 con·

186 1751 393 1833 templatione
404 1753 588 1818 alieniorem
599 1771 658 1833 per
672 1771 705 1818 se
718 1751 796 1817 nihil
806 1751 902 1817 habet
912 1750 1108 1830 offensionis3
1122 1749 1180 1814 nisi
1198 1747 1282 1828 quod

185 1856 368 1932 comparato
393 1852 489 1918 simili
510 1850 635 1918 Politici
666 1852 734 1917 loco
762 1852 862 1916 264Ε
895 1854 1029 1933 apparet
1053 1848 1281 1929 inconstantia3

184 1950 229 2017 ibi
258 1953 343 2018 enim
365 1969 428 2016 non
457 1957 493 2017 ut
515 1951 568 2018 hic
588 1952 779 2018 animalibus
802 1952 1007 2018 terrestribus
1029 1969 1106 2016 aves
1125 1955 1159 2017 et
1179 1950 1283 2029 pisces

184 2051 239 2119 sed
263 2052 402 2133 piscibus
425 2070 499 2118 aves
522 2057 555 2117 et
575 2054 741 2118 terrestria
762 2056 917 2133 tanquam
944 2070 1043 2116 unum
1065 2068 1164 2133 genus
1186 2067 1282 2130 oppo-

184 2157 314 2219 nuntur.
342 2151 490 2217 Ceterum
502 2152 582 2217 haec
595 2152 773 2232 praemissa
784 2152 952 2233 piscatoris
975 2150 1114 2217 definitio
1131 2151 1282 2228 omnium,

184 2272 266 2336 quae
287 2254 456 2320 dividendo
479 2254 514 2319 in
536 2253 686 2334 Sophiste
709 2252 896 2332 efficiuntur,
919 2254 1039 2335 optima
1061 2256 1119 2318 est.

285 2356 374 2433 Quae
394 2354 479 2419 enim
497 2354 610 2421 deinde
631 2356 804 2421 secundum
821 2354 881 2421 hoc
899 2355 1061 2435 exemplar
1071 2354 1284 2420 instituuntur

185 2456 348 2537 sophistae
382 2455 589 2534 definitiones,
626 2473 680 2521 eas
712 2474 753 2520 ne
786 2474 844 2538 pro
877 2457 968 2522 seriis
996 2456 1184 2536 accipiamus
1215 2455 1284 2534 ipse

185 2557 321 2639 scriptor
344 2556 463 2637 optime
477 2556 625 2637 providit.
647 2559 773 2638 iamque
794 2557 915 2637 inipso
936 2556 1025 2622 initio
1047 2558 1181 2636 apparet
1199 2550 1284 2634 quod

185 2655 300 2721 harum
322 2657 509 2723 divisionum
525 2663 675 2724 naturam
694 2659 814 2740 legenti
834 2657 935 2738 possit
947 2655 1117 2722 denudare.
1140 2660 1177 2719 ut
1200 2654 1284 2718 enim

184 2757 226 2823 ad
248 2757 419 2822 ‘homiuum
444 2759 653 2823 venationem’
688 2751 960 2843 (ἡμεροθηρικήν)
992 2755 1204 2837 perveniatur,
1228 2751 1284 2818 ho·

185 2873 257 2938 spes
280 2859 396 2924 statuit
407 2860 608 2923 venationem
628 2858 813 2924 animalium
825 2856 965 2923 ferorum
979 2862 1011 2922 et
1027 2856 1165 2922 cicurum
1180 2858 1239 2919 222
1249 2853 1283 2918 Β.

185 2957 361 3024 Theaeteto
382 2958 495 3024 deinde
516 2958 576 3024 hoc
597 2959 742 3024 miranti:
766 2949 824 3022 εἶτ’
849 2953 920 3022 ἔστι
937 2979 987 3033 τις
1008 2950 1102 3041 θήρα
1122 2957 1189 3018 τῶν
1205 2950 1285 3040 ἡμέ-

185 3080 270 3139 ρων;
293 3059 373 3124 haec
382 3059 566 3139 respondet:
590 3053 686 3142 εἴπερ
708 3057 744 3142 γε’
763 3047 1044 3140 &suaviloquium
1057 3051 1179 3141 ἥμερον
1191 3055 1285 3137 ζῶον.

184 3157 247 3237 θὲς
267 3157 303 3224 δὲ
325 3154 392 3248 ὅπῃ
414 3159 545 3243 χαίρεις,
569 3153 635 3224 εἴτε
646 3157 746 3244 μηδὲν
756 3159 865 3237 τιθεὶς
885 3153 1016 3244 ἥμερον,
1038 3151 1104 3221 εἴτε
1125 3146 1204 3221 dito
1225 3151 1286 3238 μὲν

183 3253 305 3344 ἥμερόν
325 3284 368 3344 τι,
389 3255 446 3327 τὸν
467 3259 503 3327 δὲ
517 3251 701 3346 ἄνθρωπον
724 3251 844 3346 ἄγριον,
867 3255 934 3324 εἴτε
956 3253 1080 3344 ἥμερον
1099 3256 1159 3341 μὲν
1182 3253 1285 3340 λέγεις

184 3347 225 3425 αὖ
245 3355 303 3426 τὸν
319 3349 511 3445 ἄνθρωπον,
535 3353 731 3442 duoprimas
752 3361 789 3427 δὲ
808 3359 969 3446 μηδεμίαν
982 3355 1054 3445 ἡγεῖ
1067 3352 1186 3443 θήραν.
1208 3349 1285 3421 τού-

183 3464 263 3526 των”
273 3454 405 3546 ὁπότερ’
429 3455 468 3526 dv
494 3457 553 3552 ἡγῇ
576 3462 673 3550 φίλον
694 3459 850 3548 εἰρῆσθαί
871 3483 936 3541 σοι,
964 3462 1063 3525 τοῦτο
1086 3453 1163 3543 ἡμῖν
1185 3450 1285 3541 διόρι-

183 3584 242 3627 σον
254 3563 305 3646 ³⁰).
328 3565 398 3645 quis
424 3563 503 3630 haec
524 3566 634 3647 legens
655 3582 719 3630 non
740 3563 885 3630 meminit
906 3560 1114 3645 Dionysodori
1141 3558 1223 3625 illud
1244 3575 1284 3623 ex

184 3860 262 3911 neret
279 3856 401 3921 tertiam,
427 3858 646 3926 Steinharto,
674 3865 705 3915 ut
723 3861 760 3929 (p.
770 3863 831 3916 438.
843 3863 905 3930 446)
926 3861 1073 3931 septimam
1092 3858 1222 3927 (sextam)
1242 3857 1283 3912 di·

185 3947 264 4000 neret
283 3945 417 4013 quintam,
445 3946 663 4002 Sueemihlio
685 3951 724 4018 (p.
735 3950 798 4017 292)
822 3952 855 4002 ut
873 3948 1061 4004 Steinhartum
1080 3947 1165 4001 etiarn
1182 3946 1211 4000 in
1228 3945 1283 4002 hoo

183 4030 306 4086 fideliter
319 4035 492 4101 sequeretur,
511 4033 542 4087 id
554 4034 674 4102 Platoni,
686 4039 785 4104 utpote
797 4037 887 4090 minue
898 4036 991 4101 docto,
1010 4034 1092 4089 facile
1101 4033 1282 4103 ignoscimus.

271 4121 318 4186 29)
339 4119 387 4175 Ar.
408 4120 444 4174 de
464 4126 535 4190 part.
556 4122 638 4177 anim.
651 4123 672 4177 Ι.
683 4125 707 4178 2.
726 4126 778 4178 642
790 4125 822 4179 Β.
839 4128 881 4178 10.
924 4124 960 4177 de
984 4123 1036 4177 hec
1052 4139 1084 4175 re
1102 4121 1209 4191 optime
1226 4120 1282 4174 die-

184 4207 272 4261 ser-uit
290 4206 504 4280 Ueberweg,
523 4210 775 4282 Untersuehungen
792 4230 820 4282 p.
837 4215 895 4267 153.
924 4211 959 4267 cf.
978 4207 1282 4266 Schaarschmidt

183 4295 213 4349 in
232 4295 285 4350 Rh.
304 4296 377 4350 Mus.
399 4299 468 4352 1862
486 4316 512 4368 p.
527 4301 594 4369 2eq.
614 4300 785 4369 Heyduck
802 4319 830 4371 p.
842 4304 867 4357 5.
883 4298 1189 4356 Sohaerschmidt
1209 4296 1281 4352 Plat.

184 4382 262 4439 Schr.
279 4400 307 4453 p.
322 4386 422 4453 102sq.

277 4472 323 4542 30)
337 4472 406 4528 Sine
431 4490 531 4528 caussa
557 4473 734 4529 Hermannue
761 4473 861 4544 (praef.
878 4491 905 4544 p.
917 4474 1008 4531 XXIV
1036 4473 1169 4530 editionis
1191 4473 1278 4529 Teub.
