3000 5070
778 438 818 500 70

252 636 331 699 mus,
355 619 452 686 tacita
472 618 572 699 iactis,
603 620 643 683 ad
672 637 767 699 quam
790 638 855 685 rem
877 620 1014 701 amplius
1036 619 1260 686 illustrandam
1282 618 1345 686 for·

247 724 333 786 tasse
367 719 613 802 ‘Philosophum'
648 721 879 801 destinaverat;
922 726 954 785 61
986 720 1034 786 116
1056 739 1150 785 verae
1180 738 1217 785 ac
1245 721 1345 787 salsae

246 824 431 890 dialecticae
449 824 638 902 discrimina,
658 823 802 903 quamvis
825 821 917 889 aliter
936 840 1076 905 prorsus,
1100 841 1195 903 quam
1216 823 1344 888 voluere

247 923 375 1002 quidam
391 922 452 1006 ¹³¹),
486 923 516 986 in
550 923 697 1005 sophista
730 924 917 988 conduntur.
971 921 1034 988 Sed
1067 941 1221 1002 quosnam
1250 923 1343 989 Plato

247 1023 450 1090 divisionibus
472 1024 522 1091 1111
544 1042 618 1090 1161
640 1025 848 1105 perstringit?

345 1125 392 1190 De
405 1125 633 1207 posterioribus
643 1125 764 1191 Eleatis
785 1129 913 1205 praeter
933 1123 1088 1204 hospitem
1108 1124 1208 1188 nostri
1227 1124 1344 1205 dialogi

245 1223 323 1288 nihil
343 1223 410 1290 iere
433 1224 618 1305 accepimus.
650 1225 700 1288 Ex
723 1225 872 1305 Sophista
893 1225 1049 1301 discimus,
1073 1241 1127 1288 661
1148 1222 1343 1290 Parmenidis

245 1325 407 1390 doctrinae
428 1344 585 1390 summam
604 1327 781 1405 retinuisse,
808 1332 912 1391 cetera
934 1324 974 1389 ad
991 1325 1133 1389 eristicas
1156 1324 1343 1405 disputatio·
1378 1380 1381 1385 ,

245 1443 300 1490 161
313 1426 406 1491 nimis
420 1444 601 1508 propensos.
628 1427 701 1505 Η61,
723 1427 749 1490 11
771 1426 842 1491 11161
864 1422 1038 1506 διαιρέσεις
1055 1426 1099 1488 611
1121 1423 1342 1505 tribueremus

244 1544 307 1590 non
331 1528 432 1607 magis
454 1544 637 1609 cogeremus
660 1527 717 1592 sibi
738 1526 961 1604 contradicere,
981 1544 1077 1605 quarn
1101 1526 1168 1606 ipse
1178 1525 1339 1590 Parmeni-

246 1627 311 1704 des,
341 1628 416 1692 dum
438 1646 489 1693 res
520 1628 680 1693 sensibiles
708 1629 854 1709 explicat,
884 1628 1070 1709 principium
1098 1645 1192 1692 suum
1215 1627 1341 1692 deserit.

245 1727 415 1804 Quaeritur
442 1730 548 1811 igitur,
573 1734 701 1809 ¹quanta
728 1731 769 1796 sit
797 1729 857 1793 illis
885 1729 1051 1794 divisiones
1074 1727 1228 1793 tribuendi
1259 1746 1342 1793 oom-

244 1829 413 1894 mendatio.

342 1928 514 1994 Videamus
536 1930 669 2011 hospitis
694 1929 827 1995 Eleatici
853 1947 1018 2011 personam
1048 1928 1087 1994 ab
1118 1930 1342 2010 interpretibus

243 2031 337 2095 nimis
358 2031 545 2111 neglectam.
577 2036 644 2096 tam
665 2049 746 2096 nova
768 2030 845 2096 haec
864 2030 968 2113 figura
989 2030 1074 2110 apud
1095 2029 1259 2096 Platonem
1280 2035 1340 2111 est,

244 2136 281 2195 ut
315 2149 405 2196 suam
437 2135 521 2195 66116
552 2131 670 2196 habeat
703 2150 858 2196 caussam.
914 2131 1004 2207 Quod
1041 2130 1227 2211 plerumque
1261 2133 1343 2198 solat

137 2220 139 2225 ’
244 2230 358 2310 alieni,
381 2231 611 2310 disquisitiones
633 2232 811 2297 dialecticas
840 2253 859 2297 a
884 2231 1013 2296 Socrate
1039 2231 1136 2296 fuisse
1165 2231 1339 2311 alieniores,

244 2349 282 2396 66
306 2330 365 2394 hoc
391 2333 516 2395 tantum
542 2333 727 2412 explicatur,
759 2331 843 2410 quod
868 2330 1029 2396 Socratem
1062 2331 1196 2412 scriptor
1217 2350 1280 2395 non
1302 2333 1341 2397 ad

154 2417 158 2423 ’
243 2448 298 2497 661
321 2429 464 2495 adhibuit
479 2431 540 2513 ¹³⁹),
570 2430 625 2494 sed
651 2449 706 2494 cur
735 2430 932 2512 potissimum
960 2429 1119 2512 hospitem
1142 2430 1341 2498 Eleaticum?

244 2531 322 2596 haec
350 2534 455 2597 tecum
487 2534 617 2614 reputa:
654 2549 811 2611 nusquam
837 2532 916 2596 alias
945 2530 1038 2596 Plato
1071 2531 1131 2596 has
1164 2532 1341 2613 singulares

246 2631 413 2697 divisiones
441 2633 566 2713 promit,
594 2637 691 2713 atque
721 2632 753 2695 in
774 2629 923 2713 Sophista
953 2636 985 2696 61
1007 2632 1150 2697 Politieo.
1185 2650 1341 2712 nusquam

245 2731 334 2809 aliae,
369 2740 466 2812 atque
495 2733 526 2796 in
555 2732 603 2798 his
630 2733 782 2812 singulari
814 2731 917 2797 utitur
944 2733 1068 2814 hospite
1096 2731 1247 2799 Eleatico.
1290 2735 1340 2799 An

243 2832 326 2897 duae
354 2851 405 2897 res
438 2833 614 2915 singulares
648 2851 717 2898 sese
743 2833 876 2898 invicem
909 2833 1136 2898 illustrabunt?
1174 2833 1236 2898 Sed
1265 2854 1340 2900 mox

241 2934 356 2999 1161111
378 2951 429 2999 161
449 2934 580 3015 patebit.

342 3033 555 3114 Primumque,
574 3035 658 3114 quod
671 3033 976 3100 Schleiermacherus
992 3035 1035 3116 (p.
1051 3034 1104 3117 92)
1124 3035 1184 3099 iam
1209 3037 1338 3114 monuit,

242 3135 296 3199 alii
316 3134 493 3216 neglexere,
518 3153 580 3199 non
604 3153 714 3200 caecus
736 3135 921 3200 Eleatarum
937 3135 1038 3200 cultor
1059 3141 1106 3199 cst
1130 3134 1252 3218 hospes
1283 3136 1339 3202 sed

241 3232 404 3319 ἑταῖρος
424 3237 505 3298 τῶν
526 3227 632 3321 ἀμφὶ
653 3233 861 3320 Παρμενίδην
892 3234 944 3299 καὶ
967 3229 1111 3320 Ζήνωνα,
1143 3237 1261 3301 amicus
1290 3255 1338 3302 so·

242 3338 370 3416 eiusque
388 3337 582 3412 Eleatarum,
607 3342 746 3401 ceterum
765 3327 844 3420 ἀνὴρ
865 3330 952 3417 μάλα
973 3329 1170 3423 φιλόσοφος,
1201 3338 1221 3401 1.
1242 3355 1269 3400 6.
1291 3355 1338 3401 se·

241 3438 350 3518 quitur
371 3437 545 3501 Eleaticam
568 3438 755 3514 doctrinam,
786 3441 942 3517 quatenus
972 3453 1034 3500 non
1055 3436 1191 3502 veritate
1212 3437 1338 3518 cognita

241 3538 362 3617 cogitur
383 3536 424 3601 ab
443 3555 480 3602 ea
502 3539 656 3602 recedere.
684 3539 779 3617 idque
793 3537 853 3603 hoc
873 3537 999 3617 dialogo
1019 3537 1063 3602 sio
1083 3537 1151 3602 fieri
1174 3536 1336 3602 videmus:

240 3637 394 3720 Proponit
417 3638 561 3703 Socrates
584 3641 800 3720 quaestionem
821 3639 898 3703 satis
918 3637 1099 3720 simplicem,
1124 3655 1206 3717 quac
1230 3638 1338 3717 paucis

239 3741 367 3819 poterat
396 3738 526 3804 absolvi.
570 3739 634 3804 Oui·
660 3737 773 3820 hospes
800 3740 1067 3818 tergiversatori,
1085 3738 1160 3802 καθ’
1191 3735 1338 3818 ἕκαστον,

341 4028 401 4091 131)
420 4026 454 4080 de
473 4026 572 4095 quibus
592 4026 718 4079 Bonita
735 4026 771 4089 II,
789 4043 816 4095 p.
828 4027 880 4079 320
893 4043 932 4094 sq.

340 4113 401 4181 132)
419 4114 451 4166 In
460 4114 633 4178 Parmenide,
646 4114 784 4184 Sophiste,
797 4114 915 4168 Politieo
928 4113 1055 4168 Socrates
1075 4116 1117 4167 611
1137 4111 1337 4166 611ᾱ11ο1Ε166-

238 4203 340 4255 tarum.
374 4202 494 4255 Eosdem
512 4203 562 4255 hos
583 4203 707 4273 dialogos
731 4202 911 4272 gravissimos
930 4201 1094 4255 Aristoteles
1118 4218 1183 4254 raro
1207 4199 1338 4254 16111111-

239 4304 321 4355 quam
346 4294 551 4344 commemorat.
599 4290 676 4343 Idem
699 4289 863 4342 Aristoteles
888 4291 1046 4358 saepissime
1071 4289 1215 4341 Platonem
1239 4287 1338 4341 laudat

238 4376 347 4430 verbis:
377 4373 524 4448 Σωκράτης
552 4384 630 4449 φησί.
680 4378 810 4431 Fortasse
841 4378 909 4431 haee
936 4381 1001 4432 sunt
1031 4375 1233 4446 coniungenda.
1283 4374 1336 4429 Sed
1427 4453 1431 4457 ι

239 4464 396 4533 quomodo?
