3000 5070
713 418 768 486 ¹33

197 601 284 670 lerus
305 600 381 669 olim
403 621 474 668 eam
496 602 648 668 contineri
668 603 944 685 reprehensionem
963 597 1107 684 putabat,
1138 614 1221 680 quae
1249 610 1296 662 re·

198 704 335 771 ctissime
357 703 440 769 cadit
461 704 493 768 iu
512 704 694 771 Aristotelis
714 690 815 790 δ’λην
836 708 869 771 et
890 706 1036 769 nostram
1059 701 1296 779 materiem,

199 805 316 871 scilicet
347 805 430 885 quod
451 805 493 886 id,
522 824 561 870 ex
590 824 652 886 quo
680 807 784 871 omnia
813 805 1005 885 factasunt,
1032 802 1182 884 quoniam
1204 802 1299 866 aliter

197 906 325 988 assequi
345 907 521 988 nequimus,
545 905 619 972 sub
640 905 816 990 imagine
839 892 1003 986 materiae,
1025 923 1067 970 ex
1096 921 1160 984 qua
1188 902 1301 968 domus

199 1005 454 1087 exaedificantur,
484 1006 588 1072 animo
610 1008 801 1090 concipimus
813 1006 863 1091 53).
895 1007 977 1072 banc
996 1003 1300 1086 interpretationem,

199 1126 295 1189 quam
316 1107 482 1189 postmodo
498 1108 640 1174 Zellerus
662 1108 768 1173 omisit
791 1107 823 1191 (2
836 1108 883 1174 ed.
893 1108 933 1186 II,
951 1111 1022 1172 464.
1036 1111 1097 1171 470
1110 1125 1139 1170 u.
1153 1104 1195 1189 3),
1208 1105 1299 1173 omis·

199 1207 488 1274 samSusemihllus
510 1209 564 1291 (11,
588 1212 649 1274 407
666 1229 696 1274 n.
712 1210 807 1292 1382)
836 1209 979 1289 obtinuit,
1004 1209 1055 1272 vel
1074 1207 1144 1271 ideo
1167 1205 1302 1288 probare

198 1310 373 1389 nequimus,
397 1311 552 1391 quianon
575 1308 814 1395 παραδείγματι
835 1311 891 1376 sed
914 1310 1058 1394 λογισμῷ
1076 1301 1187 1372 ἁπτόν
1206 1307 1300 1372 Plato

197 1410 276 1474 dixit
297 1411 473 1477 materiem.
506 1411 713 1491 quamobrem
734 1413 839 1476 lucem
860 1411 1020 1475 malumus
1035 1414 1181 1491 repetere
1196 1425 1214 1471 e
1229 1408 1299 1473 loco

197 1510 349 1577 consimili
369 1511 448 1576 Tim.
464 1511 549 1590 ald,
585 1509 640 1576 ubi
661 1512 811 1577 materies
835 1511 950 1577 dicitur
969 1503 1129 1591 δνόρατον
1157 1499 1246 1585 εἶδός
1268 1532 1301 1571 τι

197 1610 252 1676 καὶ
280 1601 445 1698 ἄμορφον,
473 1608 641 1693 πανδεχὲς,
674 1604 920 1694 μεταλαμβάνον
951 1609 988 1676 δὲ
1023 1601 1224 1691 ἇνιορώτατά
1253 1632 1302 1694 πῃ

197 1714 257 1777 τοῦ
281 1714 398 1796 νοητοῦ
421 1711 475 1776 καὶ
494 1705 776 1778 δυσαλωτότατον.
800 1731 863 1793 quo
885 1717 978 1796 pacto
999 1712 1050 1777 hic
1069 1711 1182 1777 dicitur
1201 1714 1302 1775 mate·

198 1814 260 1878 ries
286 1807 544 1896 μεταλαμβάνειν
576 1803 777 1897 ἅπορώτατά
810 1839 859 1900 πῃ
891 1816 950 1878 τοῦ
976 1814 1122 1898 aequori?
1156 1813 1317 1905 Zellerus·

200 1912 233 1995 (2
255 1913 357 1992 edll,
380 1918 442 1979 486
465 1933 496 1978 n.
510 1917 541 1993 2)
561 1914 600 1979 de
622 1914 715 1979 modo
738 1913 856 1980 difficili
878 1915 1005 1995 cogitat,
1037 1932 1099 1995 quo
1121 1911 1211 1979 ideae
1234 1931 1300 1976 ma·

199 2013 279 2078 terte
299 2013 434 2093 exprimi
455 2013 602 2078 dicuntur
622 2007 750 2096 τρόπον
777 2009 849 2077 τινὰ
870 2009 1079 2101 δύσφραστον
1099 2012 1152 2076 καὶ
1175 2017 1301 2096 θαυμα-

200 2105 279 2177 στόν
300 2116 340 2176 50
349 2111 383 2178 C.
410 2112 466 2178 sed
488 2131 560 2178 cum
585 2112 637 2179 bic
658 2113 864 2194 describatur,
885 2132 948 2179 nou
962 2119 1119 2191 narretur,
1141 2111 1302 2196 μεταλαμ-

198 2204 312 2292 βάνειν
344 2216 472 2278 tantum
507 2215 567 2292 est,
601 2219 756 2295 quantum
788 2212 943 2297 μετέχειν.
975 2213 1166 2296 μετέχουσιν
1196 2219 1303 2280 autem

200 2308 298 2378 ἰδεῶν
319 2330 371 2379 res
396 2313 569 2393 sensibiles,
592 2332 655 2379 non
673 2316 831 2396 materies,
854 2334 937 2397 quae
956 2315 1015 2382 bac
1035 2317 1105 2398 ipsa
1126 2334 1161 2381 re
1179 2315 1219 2380 ab
1241 2315 1303 2380 illis

202 2412 316 2479 differt.
351 2414 478 2492 accedit,
510 2413 594 2496 quod
622 2419 690 2481 toto
717 2415 778 2481 boc
805 2416 876 2483 loco
907 2417 996 2483 nullo
1024 2417 1120 2483 verbo
1147 2417 1187 2482 de
1210 2414 1302 2481 modo

199 2511 370 2595 μεθέξεως
388 2509 485 2578 ἰδεῶν
507 2504 559 2594 (ὃν
582 2511 734 2593 εἰσαῦθις
754 2516 887 2601 μέτιμεν
910 2523 950 2582 50
962 2517 1002 2601 G)
1035 2519 1151 2600 agitur,
1179 2517 1243 2597 sed,
1266 2522 1304 2582 ut

200 2618 407 2707 emundaret
418 2630 502 2694 quae
514 2616 712 2697 praecedunt
726 2625 758 2683 et
781 2621 863 2701 quod
881 2619 1008 2684 additur
1024 2611 1301 2694 δυσαλωτότατον,

200 2715 267 2780 sola
289 2716 442 2780 materiae
463 2719 590 2795 natura
614 2719 718 2798 qualis
741 2737 800 2800 per
820 2737 854 2785 se
876 2721 926 2800 sit,
948 2719 1144 2784 describitur.
1176 2717 1304 2783 Rectius

200 2813 310 2895 paullo
332 2816 543 2882 Kocnitrerus
555 2819 597 2901 54)
620 2818 689 2884 ideo
710 2824 805 2901 putat
825 2819 990 2884 materiem
1009 2821 1127 2904 νοητοῦ
1148 2819 1207 2884 dici
1230 2837 1303 2900 par·

201 2914 337 2996 ticipem,
364 2916 439 2996 quia
461 2917 543 2982 sicut
564 2918 642 2983 illud
664 2938 765 3001 neque
782 2927 893 3004 pereat
919 2939 1023 3002 neque
1051 2921 1215 2987 sentiatur.
1249 2920 1304 2986 sed

203 3018 273 3080 tum
295 3018 405 3081 tantae
425 3018 554 3097 aporiae
572 3018 730 3089 sufficiens
752 3041 865 3089 caussa
886 3042 948 3088 non
969 3028 1061 3090 esset.
1092 3028 1125 3088 et
1144 3021 1218 3104 quid
1236 3027 1302 3088 tam

201 3116 296 3198 longe
315 3117 490 3199 repetimus
515 3120 767 3204 explicationem,
796 3143 867 3190 cum
887 3125 990 3190 lucem
1011 3123 1114 3190 multo
1136 3122 1304 3204 simplicio·

202 3233 269 3281 rem
290 3215 427 3282 offerant
449 3219 547 3285 verba
566 3223 667 3303 ipsius
687 3223 761 3289 loci:
784 3215 897 3301 εἶδός
917 3247 950 3287 τι
972 3214 1151 3305 δνόρατονδ

304 3317 475 3383 Notionem
506 3321 557 3386 vel
584 3323 688 3389 ideam
716 3324 760 3389 ibi
784 3323 962 3404 statuimus,
993 3324 1046 3389 ubi
1082 3323 1304 3391 animadverti·

203 3435 274 3483 mus
292 3418 422 3501 aliquid,
445 3419 531 3501 quod
553 3422 585 3487 in
614 3423 708 3490 rebus
730 3423 863 3492 diversis
887 3429 935 3491 est
957 3424 1040 3492 idem
1053 3429 1101 3503 ⁶⁵).
1137 3426 1200 3491 iam
1229 3442 1304 3491 vero

206 3607 404 3618 *ιι-..-

303 3737 349 3804 53)
368 3733 505 3804 Zellcr,
524 3735 571 3790 die
582 3733 653 3789 Phil.
668 3735 695 3789 d.
712 3734 759 3790 Gr.
782 3732 853 3789 led
871 3733 907 3788 11.
925 3752 953 3805 p.
968 3735 1031 3790 225.
1050 3731 1195 3806 ’λογισμὸς
1211 3727 1304 3798 νόθος,

204 3818 232 3875 d.
244 3818 272 3876 la
290 3820 373 3885 wohl,
394 3822 440 3876 ein
457 3821 701 3892 Analogieschluss
719 3839 774 3876 ron
793 3819 1073 3877 dorBesclreffeuheit
1085 3820 1305 3876 desSinnlichen

205 3906 256 3961 auf
272 3907 318 3962 dia
336 3909 498 3979 Grundlage
517 3909 682 3964 desselben?
711 3909 772 3979 ipse
793 3909 938 3974 iudicabis,
964 3926 1000 3964 an
1027 3914 1104 3964 recte
1121 3908 1226 3963 Zelleri
1244 3926 1305 3964 ver·

206 3998 307 4053 borum
327 3999 565 4053 subobscurorum
584 3996 640 4050 vim
658 3996 882 4052 divinaverimus.
912 3997 944 4051 In
963 3999 987 4053 2.
1008 3997 1052 4051 ed.
1065 3997 1168 4050 maluit
1185 3997 1304 4052 nescire.

303 4089 349 4155 54)
368 4086 461 4142 Uebcr
472 4083 656 4148 Verhdltniss,
676 4084 762 4138 Form
780 4086 838 4140 und
848 4085 951 4141 Wesen
968 4085 1019 4140 der
1036 4083 1305 4154 Elementarlrdrper

205 4173 236 4228 iu
254 4172 368 4228 Platone
386 4173 517 4228 Timaios.
545 4173 731 4243 Neu-Ruppin
753 4175 832 4237 1846,
848 4191 875 4244 p.
889 4176 924 4228 26
937 4191 977 4242 sq.
996 4174 1051 4242 (ap.
1064 4172 1170 4228 Susem.
1182 4173 1218 4237 11,
1233 4174 1304 4243 408).

207 4260 240 4315 Iu
256 4261 342 4316 dubio
360 4278 420 4316 rem
438 4261 555 4330 reliquit
568 4260 803 4316 Susemihlius
816 4262 862 4331 (ll,
881 4265 941 4318 407.
961 4265 1035 4331 408),
1052 4263 1097 4317 vir
1114 4260 1204 4315 multa
1223 4259 1305 4314 laude

208 4346 319 4417 dignus,
338 4348 404 4417 qnia
422 4349 492 4404 duas
510 4366 602 4415 vocer,
622 4356 688 4405 ‘non
705 4349 804 4420 liquet’
823 4350 990 4416 et‘erravi’,
1010 4366 1144 4419 nusquam
1165 4347 1277 4417 refugit.
1384 4403 1390 4411 ,

305 4437 351 4504 55)
365 4434 399 4494 Ὁ
409 4437 466 4509 μὲν
477 4435 532 4508 γὰρ
544 4435 708 4498 συνοπτικὸς
720 4434 887 4499 διαλεκτικός
899 4437 914 4492 ὁ
928 4440 960 4494 δὲ
972 4435 1013 4512 μή
1025 4431 1067 4495 οὔ.
1085 4438 1121 4493 de
1131 4437 1200 4508 Rep.
1214 4438 1267 4492 537
1275 4435 1304 4492 G.

735 4552 738 4557 ’
1089 4530 1106 4583 3
