<?xml version="1.0" encoding="UTF-8"?>
<!DOCTYPE html PUBLIC "-//W3C//DTD XHTML 1.0 Transitional//EN"
    "http://www.w3.org/TR/xhtml1/DTD/xhtml1-transitional.dtd">
<html xmlns="http://www.w3.org/1999/xhtml" xml:lang="en" lang="en">
 <head>
  <title>
</title>
<meta http-equiv="Content-Type" content="text/html;charset=utf-8" />
  <meta name='ocr-system' content='tesseract 3.04.00' />
  <meta name='ocr-capabilities' content='ocr_page ocr_carea ocr_par ocr_line ocrx_word'/>
</head>
<body>
  <div class='ocr_page' id='page_1' title='image "./commentatiodepl00deusgoog_0053.png"; bbox 0 0 3000 5070; ppageno 0'>
   <div class='ocr_carea' id='block_1_1' title="bbox 744 375 785 438">
    <p class='ocr_par' dir='ltr' id='par_1_1' title="bbox 744 375 785 438">
     <span class='ocr_line' id='line_1_1' title="bbox 744 375 785 438; baseline -0.024 0"><span class='ocrx_word' id='word_1_1' title='bbox 744 375 785 438; x_wconf 80' lang='lat'>44</span> 
     </span>
    </p>
   </div>
   <div class='ocr_carea' id='block_1_2' title="bbox 210 549 1312 2250">
    <p class='ocr_par' dir='ltr' id='par_1_2' title="bbox 212 549 1311 942">
     <span class='ocr_line' id='line_1_2' title="bbox 212 549 1311 643; baseline 0.002 -18"><span class='ocrx_word' id='word_1_2' title='bbox 212 559 305 643; x_wconf 86' lang='lat' dir='ltr'>plura</span> <span class='ocrx_word' id='word_1_3' title='bbox 325 561 408 639; x_wconf 91' lang='lat' dir='ltr'>sunt,</span> <span class='ocrx_word' id='word_1_4' title='bbox 428 556 468 625; x_wconf 76' lang='lat' dir='ltr'>cd</span> <span class='ocrx_word' id='word_1_5' title='bbox 489 549 526 624; x_wconf 78' lang='grc' dir='ltr'>ὅν</span> <span class='ocrx_word' id='word_1_6' title='bbox 548 563 580 624; x_wconf 90' lang='grc'>61</span> <span class='ocrx_word' id='word_1_7' title='bbox 600 551 639 622; x_wconf 74' lang='grc' dir='ltr'>τὸ</span> <span class='ocrx_word' id='word_1_8' title='bbox 663 551 757 638; x_wconf 59' lang='lat' dir='ltr'>diam</span> <span class='ocrx_word' id='word_1_9' title='bbox 779 559 837 624; x_wconf 92' lang='lat' dir='ltr'>aut</span> <span class='ocrx_word' id='word_1_10' title='bbox 856 559 959 623; x_wconf 89' lang='lat' dir='ltr'>totum</span> <span class='ocrx_word' id='word_1_11' title='bbox 975 561 1110 638; x_wconf 91' lang='lat' dir='ltr'>nonest,</span> <span class='ocrx_word' id='word_1_12' title='bbox 1127 562 1197 626; x_wconf 91' lang='lat' dir='ltr'>tum</span> <span class='ocrx_word' id='word_1_13' title='bbox 1215 560 1311 627; x_wconf 90' lang='lat' dir='ltr'>etiam</span> 
     </span>
     <span class='ocr_line' id='line_1_3' title="bbox 212 649 1310 743; baseline 0 -19"><span class='ocrx_word' id='word_1_14' title='bbox 212 654 250 725; x_wconf 75' lang='lat' dir='ltr'>ad</span> <span class='ocrx_word' id='word_1_15' title='bbox 273 649 311 726; x_wconf 73' lang='grc' dir='ltr'>ὅν</span> <span class='ocrx_word' id='word_1_16' title='bbox 331 677 432 740; x_wconf 90' lang='lat' dir='ltr'>neque</span> <span class='ocrx_word' id='word_1_17' title='bbox 454 661 505 726; x_wconf 91' lang='lat' dir='ltr'>est</span> <span class='ocrx_word' id='word_1_18' title='bbox 526 676 628 741; x_wconf 90' lang='lat' dir='ltr'>neque</span> <span class='ocrx_word' id='word_1_19' title='bbox 648 657 685 724; x_wconf 89' lang='lat' dir='ltr'>fit</span> <span class='ocrx_word' id='word_1_20' title='bbox 706 657 891 740; x_wconf 81' lang='lat' dir='ltr'>nullamque</span> <span class='ocrx_word' id='word_1_21' title='bbox 912 659 1038 725; x_wconf 91' lang='lat' dir='ltr'>omnino</span> <span class='ocrx_word' id='word_1_22' title='bbox 1058 658 1156 727; x_wconf 89' lang='lat' dir='ltr'>habet</span> <span class='ocrx_word' id='word_1_23' title='bbox 1175 660 1310 743; x_wconf 84' lang='lat' dir='ltr'>qualita-</span> 
     </span>
     <span class='ocr_line' id='line_1_4' title="bbox 212 758 1310 841; baseline -0.002 -14"><span class='ocrx_word' id='word_1_24' title='bbox 212 763 287 841; x_wconf 87' lang='lat' dir='ltr'>tem,</span> <span class='ocrx_word' id='word_1_25' title='bbox 311 762 386 840; x_wconf 91' lang='lat' dir='ltr'>quia</span> <span class='ocrx_word' id='word_1_26' title='bbox 409 759 561 841; x_wconf 92' lang='lat' dir='ltr'>quidquid</span> <span class='ocrx_word' id='word_1_27' title='bbox 584 763 641 841; x_wconf 89' lang='lat' dir='ltr'>est,</span> <span class='ocrx_word' id='word_1_28' title='bbox 663 758 709 840; x_wconf 90' lang='lat' dir='ltr'>fit,</span> <span class='ocrx_word' id='word_1_29' title='bbox 730 760 920 841; x_wconf 79' lang='lat' dir='ltr'>qualitatem</span> <span class='ocrx_word' id='word_1_30' title='bbox 939 759 1045 840; x_wconf 91' lang='lat' dir='ltr'>habet,</span> <span class='ocrx_word' id='word_1_31' title='bbox 1069 762 1173 826; x_wconf 88' lang='lat' dir='ltr'>totum</span> <span class='ocrx_word' id='word_1_32' title='bbox 1194 760 1237 826; x_wconf 88' lang='lat' dir='ltr'>sit</span> <span class='ocrx_word' id='word_1_33' title='bbox 1257 777 1310 825; x_wconf 90' lang='lat' dir='ltr'>ne·</span> 
     </span>
     <span class='ocr_line' id='line_1_5' title="bbox 212 861 431 942; baseline -0.009 -14"><span class='ocrx_word' id='word_1_34' title='bbox 212 879 298 929; x_wconf 88' lang='lat' dir='ltr'>cesse</span> <span class='ocrx_word' id='word_1_35' title='bbox 319 861 431 942; x_wconf 76' lang='lat' dir='ltr'>est⁷¹).</span> 
     </span>
    </p>

    <p class='ocr_par' dir='ltr' id='par_1_3' title="bbox 211 959 1312 1749">
     <span class='ocr_line' id='line_1_6' title="bbox 312 959 1312 1044; baseline -0.001 -16"><span class='ocrx_word' id='word_1_36' title='bbox 312 960 362 1028; x_wconf 87' lang='lat' dir='ltr'>Sic</span> <span class='ocrx_word' id='word_1_37' title='bbox 384 978 488 1041; x_wconf 89' lang='lat' dir='ltr'>neque</span> <span class='ocrx_word' id='word_1_38' title='bbox 507 962 535 1026; x_wconf 91' lang='lat' dir='ltr'>ei</span> <span class='ocrx_word' id='word_1_39' title='bbox 557 960 746 1043; x_wconf 89' lang='lat' dir='ltr'>philosophi,</span> <span class='ocrx_word' id='word_1_40' title='bbox 769 961 824 1044; x_wconf 94' lang='lat' dir='ltr'>qui</span> <span class='ocrx_word' id='word_1_41' title='bbox 844 960 937 1042; x_wconf 89' lang='lat' dir='ltr'>plura</span> <span class='ocrx_word' id='word_1_42' title='bbox 957 959 1118 1043; x_wconf 89' lang='lat' dir='ltr'>principia,</span> <span class='ocrx_word' id='word_1_43' title='bbox 1136 977 1238 1042; x_wconf 91' lang='lat' dir='ltr'>neque</span> <span class='ocrx_word' id='word_1_44' title='bbox 1257 962 1312 1041; x_wconf 90' lang='lat' dir='ltr'>qui</span> 
     </span>
     <span class='ocr_line' id='line_1_7' title="bbox 212 1062 1311 1144; baseline -0.001 -15"><span class='ocrx_word' id='word_1_45' title='bbox 212 1081 310 1129; x_wconf 91' lang='lat' dir='ltr'>unum</span> <span class='ocrx_word' id='word_1_46' title='bbox 342 1066 497 1140; x_wconf 87' lang='lat' dir='ltr'>statuunt,</span> <span class='ocrx_word' id='word_1_47' title='bbox 527 1062 651 1129; x_wconf 86' lang='lat' dir='ltr'>Platoni</span> <span class='ocrx_word' id='word_1_48' title='bbox 674 1063 880 1130; x_wconf 85' lang='lat' dir='ltr'>satisfaciunt.</span> <span class='ocrx_word' id='word_1_49' title='bbox 918 1067 1027 1141; x_wconf 88' lang='lat' dir='ltr'>restat,</span> <span class='ocrx_word' id='word_1_50' title='bbox 1059 1069 1097 1129; x_wconf 93' lang='lat' dir='ltr'>ut</span> <span class='ocrx_word' id='word_1_51' title='bbox 1128 1063 1174 1129; x_wconf 91' lang='lat' dir='ltr'>eis</span> <span class='ocrx_word' id='word_1_52' title='bbox 1202 1062 1311 1144; x_wconf 90' lang='lat' dir='ltr'>palma</span> 
     </span>
     <span class='ocr_line' id='line_1_8' title="bbox 212 1165 1311 1247; baseline 0.002 -16"><span class='ocrx_word' id='word_1_53' title='bbox 212 1165 314 1246; x_wconf 88' lang='lat' dir='ltr'>detur,</span> <span class='ocrx_word' id='word_1_54' title='bbox 338 1165 392 1246; x_wconf 92' lang='lat' dir='ltr'>qui</span> <span class='ocrx_word' id='word_1_55' title='bbox 421 1170 629 1247; x_wconf 89' lang='lat' dir='ltr'>utrorumque</span> <span class='ocrx_word' id='word_1_56' title='bbox 658 1184 782 1234; x_wconf 89' lang='lat' dir='ltr'>errores</span> <span class='ocrx_word' id='word_1_57' title='bbox 811 1167 938 1233; x_wconf 82' lang='lat' dir='ltr'>evitent.</span> <span class='ocrx_word' id='word_1_58' title='bbox 972 1168 1097 1232; x_wconf 90' lang='lat' dir='ltr'>omnino</span> <span class='ocrx_word' id='word_1_59' title='bbox 1129 1169 1237 1233; x_wconf 91' lang='lat' dir='ltr'>autem</span> <span class='ocrx_word' id='word_1_60' title='bbox 1260 1165 1311 1233; x_wconf 88' lang='lat' dir='ltr'>hic</span> 
     </span>
     <span class='ocr_line' id='line_1_9' title="bbox 211 1265 1309 1348; baseline -0.001 -17"><span class='ocrx_word' id='word_1_61' title='bbox 211 1267 275 1332; x_wconf 93' lang='lat' dir='ltr'>iarn</span> <span class='ocrx_word' id='word_1_62' title='bbox 292 1266 452 1332; x_wconf 88' lang='lat' dir='ltr'>monuisse</span> <span class='ocrx_word' id='word_1_63' title='bbox 468 1267 547 1342; x_wconf 89' lang='lat' dir='ltr'>utile</span> <span class='ocrx_word' id='word_1_64' title='bbox 568 1272 625 1346; x_wconf 89' lang='lat' dir='ltr'>est,</span> <span class='ocrx_word' id='word_1_65' title='bbox 648 1284 707 1347; x_wconf 89' lang='lat' dir='ltr'>per</span> <span class='ocrx_word' id='word_1_66' title='bbox 725 1271 824 1333; x_wconf 90' lang='lat' dir='ltr'>totam</span> <span class='ocrx_word' id='word_1_67' title='bbox 841 1267 922 1331; x_wconf 87' lang='lat' dir='ltr'>hanc</span> <span class='ocrx_word' id='word_1_68' title='bbox 934 1266 1028 1332; x_wconf 91' lang='lat' dir='ltr'>crisin</span> <span class='ocrx_word' id='word_1_69' title='bbox 1040 1265 1309 1348; x_wconf 86' lang='lat' dir='ltr'>philosophorum,</span> 
     </span>
     <span class='ocr_line' id='line_1_10' title="bbox 213 1364 1310 1448; baseline 0 -18"><span class='ocrx_word' id='word_1_70' title='bbox 213 1366 287 1432; x_wconf 92' lang='lat' dir='ltr'>dum</span> <span class='ocrx_word' id='word_1_71' title='bbox 310 1367 448 1431; x_wconf 90' lang='lat' dir='ltr'>omnium</span> <span class='ocrx_word' id='word_1_72' title='bbox 471 1367 612 1447; x_wconf 91' lang='lat' dir='ltr'>partium</span> <span class='ocrx_word' id='word_1_73' title='bbox 632 1366 710 1432; x_wconf 90' lang='lat' dir='ltr'>vitia</span> <span class='ocrx_word' id='word_1_74' title='bbox 730 1368 930 1448; x_wconf 86' lang='lat' dir='ltr'>denotentur,</span> <span class='ocrx_word' id='word_1_75' title='bbox 953 1365 1078 1448; x_wconf 88' lang='lat' dir='ltr'>prodire</span> <span class='ocrx_word' id='word_1_76' title='bbox 1090 1364 1310 1447; x_wconf 89' lang='lat' dir='ltr'>philosopham</span> 
     </span>
     <span class='ocr_line' id='line_1_11' title="bbox 212 1464 1309 1548; baseline -0.001 -16"><span class='ocrx_word' id='word_1_77' title='bbox 212 1466 388 1545; x_wconf 87' lang='lat' dir='ltr'>veritatem,</span> <span class='ocrx_word' id='word_1_78' title='bbox 413 1468 529 1547; x_wconf 88' lang='lat' dir='ltr'>quippe</span> <span class='ocrx_word' id='word_1_79' title='bbox 546 1467 595 1530; x_wconf 91' lang='lat' dir='ltr'>cui</span> <span class='ocrx_word' id='word_1_80' title='bbox 618 1483 726 1532; x_wconf 91' lang='lat' dir='ltr'>omnes</span> <span class='ocrx_word' id='word_1_81' title='bbox 743 1466 790 1531; x_wconf 92' lang='lat' dir='ltr'>illi</span> <span class='ocrx_word' id='word_1_82' title='bbox 813 1467 919 1548; x_wconf 89' lang='lat' dir='ltr'>lapsus</span> <span class='ocrx_word' id='word_1_83' title='bbox 936 1467 1000 1532; x_wconf 88' lang='lat' dir='ltr'>sint</span> <span class='ocrx_word' id='word_1_84' title='bbox 1024 1464 1202 1548; x_wconf 84' lang='lat' dir='ltr'>effugiendi,</span> <span class='ocrx_word' id='word_1_85' title='bbox 1225 1465 1309 1531; x_wconf 90' lang='lat' dir='ltr'>aeni·</span> 
     </span>
     <span class='ocr_line' id='line_1_12' title="bbox 212 1559 1311 1650; baseline -0.001 -20"><span class='ocrx_word' id='word_1_86' title='bbox 212 1559 327 1650; x_wconf 81' lang='lat' dir='ltr'>gmatis</span> <span class='ocrx_word' id='word_1_87' title='bbox 345 1566 446 1630; x_wconf 89' lang='lat' dir='ltr'>instar</span> <span class='ocrx_word' id='word_1_88' title='bbox 458 1565 559 1648; x_wconf 82' lang='lat' dir='ltr'>magis</span> <span class='ocrx_word' id='word_1_89' title='bbox 576 1566 740 1647; x_wconf 84' lang='lat' dir='ltr'>magisque</span> <span class='ocrx_word' id='word_1_90' title='bbox 762 1566 914 1647; x_wconf 80' lang='lat' dir='ltr'>perplexi,</span> <span class='ocrx_word' id='word_1_91' title='bbox 937 1567 1036 1632; x_wconf 91' lang='lat' dir='ltr'>donec</span> <span class='ocrx_word' id='word_1_92' title='bbox 1056 1564 1159 1632; x_wconf 90' lang='lat' dir='ltr'>subito</span> <span class='ocrx_word' id='word_1_93' title='bbox 1183 1565 1311 1630; x_wconf 78' lang='lat' dir='ltr'>aliunde</span> 
     </span>
     <span class='ocr_line' id='line_1_13' title="bbox 211 1667 843 1749; baseline -0.005 -15"><span class='ocrx_word' id='word_1_94' title='bbox 211 1668 312 1749; x_wconf 89' lang='lat' dir='ltr'>petita</span> <span class='ocrx_word' id='word_1_95' title='bbox 334 1667 459 1733; x_wconf 87' lang='lat' dir='ltr'>eluceat</span> <span class='ocrx_word' id='word_1_96' title='bbox 477 1667 572 1748; x_wconf 89' lang='lat' dir='ltr'>plena</span> <span class='ocrx_word' id='word_1_97' title='bbox 595 1667 661 1732; x_wconf 89' lang='lat' dir='ltr'>eius</span> <span class='ocrx_word' id='word_1_98' title='bbox 681 1667 843 1733; x_wconf 90' lang='lat' dir='ltr'>resolutio.</span> 
     </span>
    </p>

    <p class='ocr_par' dir='ltr' id='par_1_4' title="bbox 210 1761 1311 2250">
     <span class='ocr_line' id='line_1_14' title="bbox 311 1761 1311 1850; baseline 0 -19"><span class='ocrx_word' id='word_1_99' title='bbox 311 1768 439 1833; x_wconf 85' lang='lat' dir='ltr'>Transit</span> <span class='ocrx_word' id='word_1_100' title='bbox 466 1766 563 1848; x_wconf 83' lang='lat' dir='ltr'>igitur</span> <span class='ocrx_word' id='word_1_101' title='bbox 583 1766 790 1849; x_wconf 87' lang='lat' dir='ltr'>philosophus</span> <span class='ocrx_word' id='word_1_102' title='bbox 819 1787 839 1832; x_wconf 87' lang='lat' dir='ltr'>a</span> <span class='ocrx_word' id='word_1_103' title='bbox 860 1769 932 1844; x_wconf 79' lang='grc' dir='ltr'><em>τοῖς</em></span> <span class='ocrx_word' id='word_1_104' title='bbox 953 1761 1311 1850; x_wconf 73' lang='grc' dir='ltr'><em>διακριβολογουμένοις</em></span> 
     </span>
     <span class='ocr_line' id='line_1_15' title="bbox 212 1855 1310 1950; baseline -0.005 -14"><span class='ocrx_word' id='word_1_105' title='bbox 212 1869 253 1936; x_wconf 93' lang='lat' dir='ltr'>ad</span> <span class='ocrx_word' id='word_1_106' title='bbox 283 1861 361 1945; x_wconf 80' lang='grc' dir='ltr'>τούς</span> <span class='ocrx_word' id='word_1_107' title='bbox 392 1855 499 1944; x_wconf 70' lang='grc' dir='ltr'><em>ἄλλως</em></span> <span class='ocrx_word' id='word_1_108' title='bbox 523 1864 683 1950; x_wconf 77' lang='grc' dir='ltr'><strong><em>λέγοντας.</em></strong></span> <span class='ocrx_word' id='word_1_109' title='bbox 715 1868 770 1933; x_wconf 91' lang='lat' dir='ltr'>sed</span> <span class='ocrx_word' id='word_1_110' title='bbox 799 1868 927 1948; x_wconf 90' lang='lat' dir='ltr'>quinam</span> <span class='ocrx_word' id='word_1_111' title='bbox 962 1868 995 1932; x_wconf 94' lang='lat' dir='ltr'>hi</span> <span class='ocrx_word' id='word_1_112' title='bbox 1022 1867 1077 1933; x_wconf 92' lang='lat' dir='ltr'>alii</span> <span class='ocrx_word' id='word_1_113' title='bbox 1107 1868 1204 1933; x_wconf 74' lang='lat' dir='ltr'>sunt?</span> <span class='ocrx_word' id='word_1_114' title='bbox 1238 1884 1310 1931; x_wconf 91' lang='lat' dir='ltr'>cum</span> 
     </span>
     <span class='ocr_line' id='line_1_16' title="bbox 211 1963 1309 2050; baseline -0.004 -15"><span class='ocrx_word' id='word_1_115' title='bbox 211 1970 295 2035; x_wconf 90' lang='lat' dir='ltr'>enim</span> <span class='ocrx_word' id='word_1_116' title='bbox 324 1969 421 2033; x_wconf 87' lang='lat' dir='ltr'>etiam</span> <span class='ocrx_word' id='word_1_117' title='bbox 451 1968 488 2049; x_wconf 90' lang='lat' dir='ltr'>ei,</span> <span class='ocrx_word' id='word_1_118' title='bbox 521 1968 574 2050; x_wconf 93' lang='lat' dir='ltr'>qui</span> <span class='ocrx_word' id='word_1_119' title='bbox 607 1967 646 2032; x_wconf 91' lang='lat' dir='ltr'>de</span> <span class='ocrx_word' id='word_1_120' title='bbox 675 1969 793 2032; x_wconf 91' lang='lat' dir='ltr'>entium</span> <span class='ocrx_word' id='word_1_121' title='bbox 821 1963 952 2033; x_wconf 88' lang='lat' dir='ltr'>numero</span> <span class='ocrx_word' id='word_1_122' title='bbox 981 1986 1044 2033; x_wconf 93' lang='lat' dir='ltr'>non</span> <span class='ocrx_word' id='word_1_123' title='bbox 1066 1966 1309 2047; x_wconf 86' lang='lat' dir='ltr'>disquisiverint,</span> 
     </span>
     <span class='ocr_line' id='line_1_17' title="bbox 211 2067 1310 2147; baseline -0.003 -11"><span class='ocrx_word' id='word_1_124' title='bbox 211 2073 333 2136; x_wconf 87' lang='lat' dir='ltr'>certum</span> <span class='ocrx_word' id='word_1_125' title='bbox 344 2086 510 2133; x_wconf 89' lang='lat' dir='ltr'>numerum</span> <span class='ocrx_word' id='word_1_126' title='bbox 521 2068 565 2133; x_wconf 90' lang='lat' dir='ltr'>eis</span> <span class='ocrx_word' id='word_1_127' title='bbox 581 2085 650 2136; x_wconf 80' lang='lat' dir='ltr'>esse</span> <span class='ocrx_word' id='word_1_128' title='bbox 665 2069 840 2134; x_wconf 89' lang='lat' dir='ltr'>necessario</span> <span class='ocrx_word' id='word_1_129' title='bbox 852 2067 990 2135; x_wconf 88' lang='lat' dir='ltr'>debeant</span> <span class='ocrx_word' id='word_1_130' title='bbox 1003 2067 1180 2147; x_wconf 88' lang='lat' dir='ltr'>concedere,</span> <span class='ocrx_word' id='word_1_131' title='bbox 1202 2085 1310 2133; x_wconf 90' lang='lat' dir='ltr'>omnes</span> 
     </span>
     <span class='ocr_line' id='line_1_18' title="bbox 210 2167 1310 2250; baseline -0.002 -16"><span class='ocrx_word' id='word_1_132' title='bbox 210 2170 274 2234; x_wconf 91' lang='lat' dir='ltr'>iam</span> <span class='ocrx_word' id='word_1_133' title='bbox 301 2187 339 2235; x_wconf 88' lang='lat' dir='ltr'>ea</span> <span class='ocrx_word' id='word_1_134' title='bbox 370 2169 484 2236; x_wconf 91' lang='lat' dir='ltr'>criseos</span> <span class='ocrx_word' id='word_1_135' title='bbox 516 2187 598 2250; x_wconf 90' lang='lat' dir='ltr'>pars,</span> <span class='ocrx_word' id='word_1_136' title='bbox 629 2186 724 2249; x_wconf 85' lang='lat' dir='ltr'>quem</span> <span class='ocrx_word' id='word_1_137' title='bbox 752 2170 970 2249; x_wconf 83' lang='lat' dir='ltr'>tractavimus,</span> <span class='ocrx_word' id='word_1_138' title='bbox 1000 2168 1125 2233; x_wconf 85' lang='lat' dir='ltr'>videtur</span> <span class='ocrx_word' id='word_1_139' title='bbox 1153 2167 1310 2248; x_wconf 88' lang='lat' dir='ltr'>amplecti.</span> 
     </span>
    </p>
   </div>
   <div class='ocr_carea' id='block_1_3' title="bbox 211 2266 1432 2355">
    <p class='ocr_par' dir='ltr' id='par_1_5' title="bbox 211 2266 1432 2355">
     <span class='ocr_line' id='line_1_19' title="bbox 211 2266 1432 2355; baseline 0 -21"><span class='ocrx_word' id='word_1_140' title='bbox 211 2269 266 2351; x_wconf 92' lang='lat' dir='ltr'>qui</span> <span class='ocrx_word' id='word_1_141' title='bbox 286 2268 384 2350; x_wconf 85' lang='lat' dir='ltr'>igitur</span> <span class='ocrx_word' id='word_1_142' title='bbox 408 2273 539 2348; x_wconf 90' lang='lat' dir='ltr'>restant,</span> <span class='ocrx_word' id='word_1_143' title='bbox 561 2268 599 2335; x_wconf 93' lang='lat' dir='ltr'>de</span> <span class='ocrx_word' id='word_1_144' title='bbox 621 2268 733 2349; x_wconf 91' lang='lat' dir='ltr'>quibus</span> <span class='ocrx_word' id='word_1_145' title='bbox 755 2268 893 2335; x_wconf 92' lang='lat' dir='ltr'>nondum</span> <span class='ocrx_word' id='word_1_146' title='bbox 917 2270 959 2335; x_wconf 90' lang='lat' dir='ltr'>sit</span> <span class='ocrx_word' id='word_1_147' title='bbox 981 2270 1120 2335; x_wconf 79' lang='lat' dir='ltr'>dictum?</span> <span class='ocrx_word' id='word_1_148' title='bbox 1152 2271 1197 2335; x_wconf 82' lang='lat' dir='ltr'>At</span> <span class='ocrx_word' id='word_1_149' title='bbox 1217 2266 1309 2355; x_wconf 89' lang='lat' dir='ltr'>Plato</span> <span class='ocrx_word' id='word_1_150' title='bbox 1427 2296 1432 2304; x_wconf 62' lang='lat'>=</span> 
     </span>
    </p>
   </div>
   <div class='ocr_carea' id='block_1_4' title="bbox 155 2368 1312 3659">
    <p class='ocr_par' dir='ltr' id='par_1_6' title="bbox 155 2368 1312 3139">
     <span class='ocr_line' id='line_1_20' title="bbox 211 2368 1312 2452; baseline -0.001 -17"><span class='ocrx_word' id='word_1_151' title='bbox 211 2387 413 2450; x_wconf 87' lang='lat' dir='ltr'>nequaquam</span> <span class='ocrx_word' id='word_1_152' title='bbox 433 2369 476 2435; x_wconf 90' lang='lat' dir='ltr'>sic</span> <span class='ocrx_word' id='word_1_153' title='bbox 499 2369 614 2449; x_wconf 86' lang='lat' dir='ltr'>divisit,</span> <span class='ocrx_word' id='word_1_154' title='bbox 639 2373 677 2433; x_wconf 89' lang='lat' dir='ltr'>ut</span> <span class='ocrx_word' id='word_1_155' title='bbox 697 2369 775 2436; x_wconf 91' lang='lat' dir='ltr'>alios</span> <span class='ocrx_word' id='word_1_156' title='bbox 800 2369 840 2435; x_wconf 90' lang='lat' dir='ltr'>ab</span> <span class='ocrx_word' id='word_1_157' title='bbox 866 2369 926 2436; x_wconf 91' lang='lat' dir='ltr'>hac</span> <span class='ocrx_word' id='word_1_158' title='bbox 946 2376 1046 2452; x_wconf 88' lang='lat' dir='ltr'>parte,</span> <span class='ocrx_word' id='word_1_159' title='bbox 1079 2370 1120 2435; x_wconf 88' lang='lat' dir='ltr'>ab</span> <span class='ocrx_word' id='word_1_160' title='bbox 1147 2369 1205 2434; x_wconf 97' lang='grc'><strong>1113</strong></span> <span class='ocrx_word' id='word_1_161' title='bbox 1235 2368 1312 2434; x_wconf 87' lang='lat' dir='ltr'>alios</span> 
     </span>
     <span class='ocr_line' id='line_1_21' title="bbox 155 2468 1310 2552; baseline 0.001 -19"><span class='ocrx_word' id='word_1_162' title='bbox 155 2526 159 2533; x_wconf 91' lang='lat'>.</span> <span class='ocrx_word' id='word_1_163' title='bbox 212 2469 289 2536; x_wconf 87' lang='lat' dir='ltr'>velit</span> <span class='ocrx_word' id='word_1_164' title='bbox 309 2486 377 2535; x_wconf 90' lang='lat' dir='ltr'>esse</span> <span class='ocrx_word' id='word_1_165' title='bbox 396 2469 528 2550; x_wconf 87' lang='lat' dir='ltr'>positos:</span> <span class='ocrx_word' id='word_1_166' title='bbox 553 2473 711 2550; x_wconf 89' lang='lat' dir='ltr'>quatenus</span> <span class='ocrx_word' id='word_1_167' title='bbox 727 2471 939 2550; x_wconf 88' lang='lat' dir='ltr'>quantitatem</span> <span class='ocrx_word' id='word_1_168' title='bbox 955 2470 1036 2537; x_wconf 91' lang='lat' dir='ltr'>entis</span> <span class='ocrx_word' id='word_1_169' title='bbox 1056 2468 1233 2552; x_wconf 87' lang='lat' dir='ltr'>philosophi</span> <span class='ocrx_word' id='word_1_170' title='bbox 1247 2472 1310 2535; x_wconf 85' lang='grc'><strong>613-</strong></span> 
     </span>
     <span class='ocr_line' id='line_1_22' title="bbox 211 2571 1312 2653; baseline 0 -16"><span class='ocrx_word' id='word_1_171' title='bbox 211 2572 351 2649; x_wconf 90' lang='lat' dir='ltr'>tuerunt,</span> <span class='ocrx_word' id='word_1_172' title='bbox 374 2575 505 2637; x_wconf 87' lang='lat' dir='ltr'>eatenus</span> <span class='ocrx_word' id='word_1_173' title='bbox 527 2571 665 2638; x_wconf 88' lang='lat' dir='ltr'>absoluti</span> <span class='ocrx_word' id='word_1_174' title='bbox 687 2577 768 2638; x_wconf 90' lang='lat' dir='ltr'>sunt.</span> <span class='ocrx_word' id='word_1_175' title='bbox 801 2576 958 2653; x_wconf 87' lang='lat' dir='ltr'>quatenus</span> <span class='ocrx_word' id='word_1_176' title='bbox 972 2576 1081 2637; x_wconf 88' lang='lat' dir='ltr'>autem</span> <span class='ocrx_word' id='word_1_177' title='bbox 1098 2571 1138 2636; x_wconf 92' lang='lat' dir='ltr'>de</span> <span class='ocrx_word' id='word_1_178' title='bbox 1159 2571 1312 2653; x_wconf 84' lang='lat' dir='ltr'>qualitate</span> 
     </span>
     <span class='ocr_line' id='line_1_23' title="bbox 212 2671 1310 2753; baseline -0.001 -15"><span class='ocrx_word' id='word_1_179' title='bbox 212 2672 399 2752; x_wconf 84' lang='lat' dir='ltr'>disseruere,</span> <span class='ocrx_word' id='word_1_180' title='bbox 420 2672 558 2737; x_wconf 93' lang='lat' dir='ltr'>nondum</span> <span class='ocrx_word' id='word_1_181' title='bbox 579 2679 655 2739; x_wconf 93' lang='lat' dir='ltr'>sunt</span> <span class='ocrx_word' id='word_1_182' title='bbox 676 2673 857 2739; x_wconf 81' lang='lat' dir='ltr'>examinati.</span> <span class='ocrx_word' id='word_1_183' title='bbox 888 2693 959 2739; x_wconf 91' lang='lat' dir='ltr'>cum</span> <span class='ocrx_word' id='word_1_184' title='bbox 975 2693 1049 2740; x_wconf 87' lang='lat' dir='ltr'>vero</span> <span class='ocrx_word' id='word_1_185' title='bbox 1061 2673 1195 2740; x_wconf 84' lang='lat' dir='ltr'>vixesse</span> <span class='ocrx_word' id='word_1_186' title='bbox 1211 2671 1310 2753; x_wconf 89' lang='lat' dir='ltr'>possit</span> 
     </span>
     <span class='ocr_line' id='line_1_24' title="bbox 211 2770 1308 2855; baseline 0 -19"><span class='ocrx_word' id='word_1_187' title='bbox 211 2770 427 2852; x_wconf 93' lang='lat' dir='ltr'>philosophus,</span> <span class='ocrx_word' id='word_1_188' title='bbox 460 2773 534 2853; x_wconf 93' lang='lat' dir='ltr'>quin</span> <span class='ocrx_word' id='word_1_189' title='bbox 568 2771 607 2838; x_wconf 91' lang='lat' dir='ltr'>de</span> <span class='ocrx_word' id='word_1_190' title='bbox 639 2772 796 2855; x_wconf 81' lang='lat' dir='ltr'>qualitate</span> <span class='ocrx_word' id='word_1_191' title='bbox 824 2772 969 2854; x_wconf 90' lang='lat' dir='ltr'>principii</span> <span class='ocrx_word' id='word_1_192' title='bbox 1004 2773 1080 2839; x_wconf 88' lang='lat' dir='ltr'>edat</span> <span class='ocrx_word' id='word_1_193' title='bbox 1110 2771 1308 2850; x_wconf 90' lang='lat' dir='ltr'>sententiam,</span> 
     </span>
     <span class='ocr_line' id='line_1_25' title="bbox 212 2871 1310 2956; baseline -0.001 -18"><span class='ocrx_word' id='word_1_194' title='bbox 212 2891 320 2938; x_wconf 89' lang='lat' dir='ltr'>omnes</span> <span class='ocrx_word' id='word_1_195' title='bbox 351 2873 475 2939; x_wconf 89' lang='lat' dir='ltr'>omnino</span> <span class='ocrx_word' id='word_1_196' title='bbox 504 2871 683 2955; x_wconf 89' lang='lat' dir='ltr'>philosophi</span> <span class='ocrx_word' id='word_1_197' title='bbox 707 2875 809 2940; x_wconf 90' lang='lat' dir='ltr'>altera</span> <span class='ocrx_word' id='word_1_198' title='bbox 839 2875 993 2940; x_wconf 84' lang='lat' dir='ltr'>examinis</span> <span class='ocrx_word' id='word_1_199' title='bbox 1014 2878 1116 2956; x_wconf 90' lang='lat' dir='ltr'>parte,</span> <span class='ocrx_word' id='word_1_200' title='bbox 1149 2875 1310 2953; x_wconf 89' lang='lat' dir='ltr'>adquam</span> 
     </span>
     <span class='ocr_line' id='line_1_26' title="bbox 211 2972 1311 3057; baseline 0.002 -21"><span class='ocrx_word' id='word_1_201' title='bbox 211 2972 275 3038; x_wconf 92' lang='lat' dir='ltr'>iam</span> <span class='ocrx_word' id='word_1_202' title='bbox 298 2972 479 3053; x_wconf 81' lang='lat' dir='ltr'>transimus,</span> <span class='ocrx_word' id='word_1_203' title='bbox 503 2979 678 3054; x_wconf 88' lang='lat' dir='ltr'>recurrunt,</span> <span class='ocrx_word' id='word_1_204' title='bbox 708 2973 771 3040; x_wconf 90' lang='lat' dir='ltr'>alia</span> <span class='ocrx_word' id='word_1_205' title='bbox 800 2976 954 3057; x_wconf 83' lang='lat' dir='ltr'>exparte</span> <span class='ocrx_word' id='word_1_206' title='bbox 984 2975 1048 3041; x_wconf 94' lang='lat' dir='ltr'>illic</span> <span class='ocrx_word' id='word_1_207' title='bbox 1073 2973 1213 3052; x_wconf 88' lang='lat' dir='ltr'>tractati,</span> <span class='ocrx_word' id='word_1_208' title='bbox 1247 2973 1311 3038; x_wconf 91' lang='lat' dir='ltr'>alia</span> 
     </span>
     <span class='ocr_line' id='line_1_27' title="bbox 211 3071 450 3139; baseline 0.004 -2"><span class='ocrx_word' id='word_1_209' title='bbox 211 3071 263 3139; x_wconf 89' lang='lat' dir='ltr'>hic</span> <span class='ocrx_word' id='word_1_210' title='bbox 282 3073 450 3138; x_wconf 87' lang='lat' dir='ltr'>tractandi.</span> 
     </span>
    </p>

    <p class='ocr_par' dir='ltr' id='par_1_7' title="bbox 210 3171 1311 3659">
     <span class='ocr_line' id='line_1_28' title="bbox 312 3171 1310 3254; baseline -0.002 -14"><span class='ocrx_word' id='word_1_211' title='bbox 312 3173 508 3254; x_wconf 80' lang='lat' dir='ltr'>Quicumque</span> <span class='ocrx_word' id='word_1_212' title='bbox 531 3174 571 3239; x_wconf 93' lang='lat' dir='ltr'>de</span> <span class='ocrx_word' id='word_1_213' title='bbox 602 3177 675 3241; x_wconf 91' lang='lat' dir='ltr'>ente</span> <span class='ocrx_word' id='word_1_214' title='bbox 706 3174 894 3243; x_wconf 90' lang='lat' dir='ltr'>sententiam</span> <span class='ocrx_word' id='word_1_215' title='bbox 927 3173 1039 3254; x_wconf 87' lang='lat' dir='ltr'>tulere,</span> <span class='ocrx_word' id='word_1_216' title='bbox 1071 3178 1128 3240; x_wconf 93' lang='lat' dir='ltr'>aut</span> <span class='ocrx_word' id='word_1_217' title='bbox 1156 3173 1189 3238; x_wconf 87' lang='lat' dir='ltr'>in</span> <span class='ocrx_word' id='word_1_218' title='bbox 1217 3171 1310 3238; x_wconf 89' lang='lat' dir='ltr'>rebus</span> 
     </span>
     <span class='ocr_line' id='line_1_29' title="bbox 212 3273 1309 3357; baseline -0.001 -18"><span class='ocrx_word' id='word_1_219' title='bbox 212 3275 368 3356; x_wconf 89' lang='lat' dir='ltr'>corporeis</span> <span class='ocrx_word' id='word_1_220' title='bbox 388 3273 420 3338; x_wconf 90' lang='lat' dir='ltr'>id</span> <span class='ocrx_word' id='word_1_221' title='bbox 442 3279 624 3355; x_wconf 89' lang='lat' dir='ltr'>posuerunt,</span> <span class='ocrx_word' id='word_1_222' title='bbox 647 3275 756 3341; x_wconf 89' lang='lat' dir='ltr'>autin</span> <span class='ocrx_word' id='word_1_223' title='bbox 780 3275 978 3357; x_wconf 87' lang='lat' dir='ltr'>incorporeis.</span> <span class='ocrx_word' id='word_1_224' title='bbox 1011 3277 1133 3341; x_wconf 87' lang='lat' dir='ltr'>restare</span> <span class='ocrx_word' id='word_1_225' title='bbox 1153 3273 1309 3354; x_wconf 88' lang='lat' dir='ltr'>videntur,</span> 
     </span>
     <span class='ocr_line' id='line_1_30' title="bbox 212 3370 1308 3456; baseline 0 -19"><span class='ocrx_word' id='word_1_226' title='bbox 212 3375 266 3456; x_wconf 91' lang='lat' dir='ltr'>qui</span> <span class='ocrx_word' id='word_1_227' title='bbox 286 3374 319 3439; x_wconf 93' lang='lat' dir='ltr'>in</span> <span class='ocrx_word' id='word_1_228' title='bbox 339 3375 481 3456; x_wconf 87' lang='lat' dir='ltr'>utrisque</span> <span class='ocrx_word' id='word_1_229' title='bbox 503 3378 632 3456; x_wconf 88' lang='lat' dir='ltr'>ponant.</span> <span class='ocrx_word' id='word_1_230' title='bbox 663 3379 697 3441; x_wconf 92' lang='grc'>31</span> <span class='ocrx_word' id='word_1_231' title='bbox 725 3393 778 3441; x_wconf 85' lang='grc'>666</span> <span class='ocrx_word' id='word_1_232' title='bbox 809 3376 965 3442; x_wconf 88' lang='lat' dir='ltr'>secundae</span> <span class='ocrx_word' id='word_1_233' title='bbox 994 3376 1078 3456; x_wconf 85' lang='lat' dir='ltr'>parti</span> <span class='ocrx_word' id='word_1_234' title='bbox 1101 3370 1308 3439; x_wconf 88' lang='lat' dir='ltr'>adnumeran-</span> 
     </span>
     <span class='ocr_line' id='line_1_31' title="bbox 212 3473 1309 3555; baseline -0.002 -16"><span class='ocrx_word' id='word_1_235' title='bbox 212 3474 268 3539; x_wconf 93' lang='lat' dir='ltr'>dos</span> <span class='ocrx_word' id='word_1_236' title='bbox 289 3490 365 3537; x_wconf 86' lang='lat' dir='ltr'>mox</span> <span class='ocrx_word' id='word_1_237' title='bbox 385 3473 478 3540; x_wconf 85' lang='lat' dir='ltr'>Plato</span> <span class='ocrx_word' id='word_1_238' title='bbox 498 3474 705 3542; x_wconf 89' lang='lat' dir='ltr'>demonstret.</span> <span class='ocrx_word' id='word_1_239' title='bbox 741 3477 821 3542; x_wconf 92' lang='grc'><strong>11136</strong></span> <span class='ocrx_word' id='word_1_240' title='bbox 843 3479 951 3542; x_wconf 88' lang='lat' dir='ltr'>autem</span> <span class='ocrx_word' id='word_1_241' title='bbox 975 3476 1057 3541; x_wconf 91' lang='lat' dir='ltr'>duae</span> <span class='ocrx_word' id='word_1_242' title='bbox 1079 3478 1187 3555; x_wconf 87' lang='lat' dir='ltr'>partes</span> <span class='ocrx_word' id='word_1_243' title='bbox 1208 3477 1309 3538; x_wconf 90' lang='lat' dir='ltr'>aeter·</span> 
     </span>
     <span class='ocr_line' id='line_1_32' title="bbox 210 3572 1311 3659; baseline -0.002 -20"><span class='ocrx_word' id='word_1_244' title='bbox 210 3592 288 3639; x_wconf 91' lang='lat' dir='ltr'>num</span> <span class='ocrx_word' id='word_1_245' title='bbox 308 3572 425 3639; x_wconf 91' lang='lat' dir='ltr'>bellum</span> <span class='ocrx_word' id='word_1_246' title='bbox 446 3578 563 3656; x_wconf 81' lang='lat' dir='ltr'>gerunt</span> <span class='ocrx_word' id='word_1_247' title='bbox 574 3577 627 3654; x_wconf 72' lang='grc'>72).</span> <span class='ocrx_word' id='word_1_248' title='bbox 655 3595 718 3642; x_wconf 93' lang='lat' dir='ltr'>non</span> <span class='ocrx_word' id='word_1_249' title='bbox 747 3576 844 3659; x_wconf 84' lang='lat' dir='ltr'>igitur</span> <span class='ocrx_word' id='word_1_250' title='bbox 876 3579 981 3642; x_wconf 88' lang='grc'><strong>661136</strong></span> <span class='ocrx_word' id='word_1_251' title='bbox 1005 3575 1161 3656; x_wconf 89' lang='lat' dir='ltr'>quaedam</span> <span class='ocrx_word' id='word_1_252' title='bbox 1184 3572 1311 3639; x_wconf 91' lang='lat' dir='ltr'>scholae</span> 
     </span>
    </p>
   </div>
   <div class='ocr_carea' id='block_1_5' title="bbox 211 3861 1310 4462">
    <p class='ocr_par' dir='ltr' id='par_1_8' title="bbox 211 3861 1310 4022">
     <span class='ocr_line' id='line_1_33' title="bbox 312 3861 1310 3934; baseline 0.004 -20"><span class='ocrx_word' id='word_1_253' title='bbox 312 3861 356 3931; x_wconf 85' lang='grc'>71)</span> <span class='ocrx_word' id='word_1_254' title='bbox 375 3861 519 3918; x_wconf 86' lang='lat' dir='ltr'>Postrema</span> <span class='ocrx_word' id='word_1_255' title='bbox 541 3865 610 3920; x_wconf 88' lang='lat' dir='ltr'>haec</span> <span class='ocrx_word' id='word_1_256' title='bbox 633 3881 730 3919; x_wconf 87' lang='lat' dir='ltr'>mance</span> <span class='ocrx_word' id='word_1_257' title='bbox 749 3882 765 3918; x_wconf 90' lang='lat' dir='ltr'>a</span> <span class='ocrx_word' id='word_1_258' title='bbox 783 3864 948 3919; x_wconf 84' lang='lat' dir='ltr'>Bonitzio</span> <span class='ocrx_word' id='word_1_259' title='bbox 966 3863 1004 3934; x_wconf 90' lang='lat' dir='ltr'>(p.</span> <span class='ocrx_word' id='word_1_260' title='bbox 1022 3864 1084 3933; x_wconf 74' lang='lat'><strong>296)</strong></span> <span class='ocrx_word' id='word_1_261' title='bbox 1108 3864 1235 3934; x_wconf 85' lang='lat' dir='ltr'>exposita</span> <span class='ocrx_word' id='word_1_262' title='bbox 1250 3879 1310 3918; x_wconf 85' lang='grc'><strong>6666</strong></span> 
     </span>
     <span class='ocr_line' id='line_1_34' title="bbox 211 3949 832 4022; baseline 0.003 -18"><span class='ocrx_word' id='word_1_263' title='bbox 211 3953 287 4004; x_wconf 85' lang='grc'><strong>16616</strong></span> <span class='ocrx_word' id='word_1_264' title='bbox 303 3949 413 4003; x_wconf 87' lang='lat' dir='ltr'>monuit</span> <span class='ocrx_word' id='word_1_265' title='bbox 431 3950 658 4019; x_wconf 85' lang='lat' dir='ltr'>Hayduckius</span> <span class='ocrx_word' id='word_1_266' title='bbox 677 3951 713 4022; x_wconf 87' lang='lat' dir='ltr'>(p.</span> <span class='ocrx_word' id='word_1_267' title='bbox 728 3953 783 4006; x_wconf 82' lang='lat' dir='ltr'>2n.</span> <span class='ocrx_word' id='word_1_268' title='bbox 796 3951 832 4021; x_wconf 82' lang='lat'>3).</span> 
     </span>
    </p>

    <p class='ocr_par' dir='ltr' id='par_1_9' title="bbox 211 4032 1309 4462">
     <span class='ocr_line' id='line_1_35' title="bbox 312 4032 1309 4112; baseline 0.004 -24"><span class='ocrx_word' id='word_1_269' title='bbox 312 4036 357 4106; x_wconf 83' lang='lat'>72)</span> <span class='ocrx_word' id='word_1_270' title='bbox 374 4037 426 4090; x_wconf 80' lang='lat'>246</span> <span class='ocrx_word' id='word_1_271' title='bbox 438 4037 466 4091; x_wconf 83' lang='lat' dir='ltr'>C.</span> <span class='ocrx_word' id='word_1_272' title='bbox 486 4032 601 4098; x_wconf 70' lang='grc' dir='ltr'><em>ἄπλετος</em></span> <span class='ocrx_word' id='word_1_273' title='bbox 617 4035 785 4111; x_wconf 77' lang='grc' dir='ltr'><strong><em>ἀμφοτέρων</em></strong></span> <span class='ocrx_word' id='word_1_274' title='bbox 802 4034 880 4112; x_wconf 80' lang='grc' dir='ltr'><em>μάχη</em></span> <span class='ocrx_word' id='word_1_275' title='bbox 897 4059 937 4099; x_wconf 83' lang='grc' dir='ltr'>τις</span> <span class='ocrx_word' id='word_1_276' title='bbox 953 4035 995 4093; x_wconf 82' lang='grc' dir='ltr'>ἀεὶ</span> <span class='ocrx_word' id='word_1_277' title='bbox 1019 4042 1185 4104; x_wconf 67' lang='lat' dir='ltr'>sormam.</span> <span class='ocrx_word' id='word_1_278' title='bbox 1222 4037 1309 4092; x_wconf 86' lang='lat' dir='ltr'>Gran·</span> 
     </span>
     <span class='ocr_line' id='line_1_36' title="bbox 212 4123 1307 4198; baseline 0.002 -20"><span class='ocrx_word' id='word_1_279' title='bbox 212 4123 258 4178; x_wconf 84' lang='lat' dir='ltr'>dia</span> <span class='ocrx_word' id='word_1_280' title='bbox 276 4123 345 4177; x_wconf 92' lang='lat' dir='ltr'>haec</span> <span class='ocrx_word' id='word_1_281' title='bbox 362 4128 390 4177; x_wconf 90' lang='lat' dir='ltr'>et</span> <span class='ocrx_word' id='word_1_282' title='bbox 408 4126 500 4179; x_wconf 87' lang='lat' dir='ltr'>nescio</span> <span class='ocrx_word' id='word_1_283' title='bbox 519 4127 586 4195; x_wconf 91' lang='lat' dir='ltr'>quid</span> <span class='ocrx_word' id='word_1_284' title='bbox 597 4128 707 4182; x_wconf 87' lang='lat' dir='ltr'>metrici</span> <span class='ocrx_word' id='word_1_285' title='bbox 719 4127 852 4182; x_wconf 85' lang='lat' dir='ltr'>habentia</span> <span class='ocrx_word' id='word_1_286' title='bbox 863 4128 956 4192; x_wconf 88' lang='lat' dir='ltr'>verba,</span> <span class='ocrx_word' id='word_1_287' title='bbox 969 4144 1039 4195; x_wconf 88' lang='lat' dir='ltr'>quae</span> <span class='ocrx_word' id='word_1_288' title='bbox 1051 4143 1138 4198; x_wconf 79' lang='lat' dir='ltr'>genus</span> <span class='ocrx_word' id='word_1_289' title='bbox 1149 4126 1307 4188; x_wconf 88' lang='lat' dir='ltr'>humanum,</span> 
     </span>
     <span class='ocr_line' id='line_1_37' title="bbox 211 4211 1309 4286; baseline 0.004 -21"><span class='ocrx_word' id='word_1_290' title='bbox 211 4211 293 4281; x_wconf 91' lang='lat' dir='ltr'>quale</span> <span class='ocrx_word' id='word_1_291' title='bbox 317 4212 384 4266; x_wconf 89' lang='lat' dir='ltr'>olim</span> <span class='ocrx_word' id='word_1_292' title='bbox 402 4211 457 4268; x_wconf 88' lang='lat' dir='ltr'>fuit</span> <span class='ocrx_word' id='word_1_293' title='bbox 480 4218 508 4269; x_wconf 88' lang='grc'>61</span> <span class='ocrx_word' id='word_1_294' title='bbox 532 4234 606 4270; x_wconf 90' lang='lat' dir='ltr'>nunc</span> <span class='ocrx_word' id='word_1_295' title='bbox 624 4220 675 4281; x_wconf 91' lang='grc'><strong>661,</strong></span> <span class='ocrx_word' id='word_1_296' title='bbox 694 4217 724 4270; x_wconf 90' lang='lat' dir='ltr'>in</span> <span class='ocrx_word' id='word_1_297' title='bbox 743 4216 811 4270; x_wconf 88' lang='lat' dir='ltr'>duas</span> <span class='ocrx_word' id='word_1_298' title='bbox 831 4220 925 4286; x_wconf 84' lang='lat' dir='ltr'>partes</span> <span class='ocrx_word' id='word_1_299' title='bbox 943 4215 1093 4286; x_wconf 81' lang='lat' dir='ltr'>cogitando</span> <span class='ocrx_word' id='word_1_300' title='bbox 1112 4221 1140 4271; x_wconf 89' lang='grc'>61</span> <span class='ocrx_word' id='word_1_301' title='bbox 1163 4233 1249 4285; x_wconf 89' lang='lat' dir='ltr'>paene</span> <span class='ocrx_word' id='word_1_302' title='bbox 1269 4216 1309 4269; x_wconf 84' lang='lat' dir='ltr'>vi·</span> 
     </span>
     <span class='ocr_line' id='line_1_38' title="bbox 211 4299 1309 4376; baseline 0.007 -24"><span class='ocrx_word' id='word_1_303' title='bbox 211 4299 301 4354; x_wconf 85' lang='lat' dir='ltr'>vendo</span> <span class='ocrx_word' id='word_1_304' title='bbox 320 4301 474 4356; x_wconf 84' lang='lat' dir='ltr'>contrarias</span> <span class='ocrx_word' id='word_1_305' title='bbox 493 4302 621 4359; x_wconf 83' lang='lat' dir='ltr'>dividunt</span> <span class='ocrx_word' id='word_1_306' title='bbox 634 4335 665 4344; x_wconf 92' lang='lat'>-</span> <span class='ocrx_word' id='word_1_307' title='bbox 679 4305 714 4359; x_wconf 91' lang='lat' dir='ltr'>ab</span> <span class='ocrx_word' id='word_1_308' title='bbox 732 4304 780 4370; x_wconf 88' lang='grc'><strong>616,</strong></span> <span class='ocrx_word' id='word_1_309' title='bbox 799 4306 848 4374; x_wconf 90' lang='lat' dir='ltr'>qui</span> <span class='ocrx_word' id='word_1_310' title='bbox 857 4305 1061 4376; x_wconf 86' lang='lat' dir='ltr'>Megaricorum</span> <span class='ocrx_word' id='word_1_311' title='bbox 1079 4322 1204 4361; x_wconf 84' lang='lat' dir='ltr'>caussam</span> <span class='ocrx_word' id='word_1_312' title='bbox 1221 4308 1309 4376; x_wconf 79' lang='lat' dir='ltr'>agamt</span> 
     </span>
     <span class='ocr_line' id='line_1_39' title="bbox 212 4380 1221 4462; baseline 0.007 -20"><span class='ocrx_word' id='word_1_313' title='bbox 212 4386 248 4442; x_wconf 87' lang='lat' dir='ltr'>ad</span> <span class='ocrx_word' id='word_1_314' title='bbox 265 4387 444 4444; x_wconf 83' lang='lat' dir='ltr'>scholasticas</span> <span class='ocrx_word' id='word_1_315' title='bbox 462 4390 596 4459; x_wconf 86' lang='lat' dir='ltr'>quasdam</span> <span class='ocrx_word' id='word_1_316' title='bbox 614 4392 700 4448; x_wconf 85' lang='grc'><strong>111636</strong></span> <span class='ocrx_word' id='word_1_317' title='bbox 718 4391 922 4462; x_wconf 86' lang='lat' dir='ltr'>deprimuntur.</span> <span class='ocrx_word' id='word_1_318' title='bbox 1212 4380 1221 4396; x_wconf 78' lang='grc'><strong><em>’</em></strong></span> 
     </span>
    </p>
   </div>
   <div class='ocr_carea' id='block_1_6' title="bbox 0 0 1504 5070">
    <p class='ocr_par' dir='ltr' id='par_1_10' title="bbox 0 0 1504 5070">
     <span class='ocr_line' id='line_1_40' title="bbox 0 0 1504 5070; baseline 0 0"><span class='ocrx_word' id='word_1_319' title='bbox 0 0 1504 5070; x_wconf 95' lang='lat' dir='ltr'> </span> 
     </span>
    </p>
   </div>
  </div>
 </body>
</html>
