3000 5070
725 436 766 496 64

296 615 429 682 Omnino
443 633 528 691 vero,
545 614 697 694 quamdiu
710 615 750 679 de
765 613 873 678 ordine
889 613 1042 681 librorum
1056 615 1294 684 Platonicorum

197 722 264 783 tarn
280 713 777 793 diversaesententiaeferuntur,
802 715 914 795 quales
927 718 1108 797 nuperrime
1130 735 1291 800 emergere
1404 800 1406 804 Ι

198 819 341 895 vidimus,
363 817 483 882 lubrica
504 834 556 881 res
577 814 674 881 estin
693 816 861 881 statuendo
881 817 997 898 dialogi
1016 818 1145 884 consilio
1167 819 1291 899 reliqua

197 917 376 1001 philosophi
397 935 493 998 opera
513 916 679 996 respicere.
722 916 828 980 Unum
850 921 899 982 est
930 918 1155 983 certissimum:
1186 918 1296 1000 Sophi-

198 1025 282 1086 stam
309 1017 397 1097 sequi
419 1017 642 1094 Theaetetum,
665 1017 891 1096 quaeriturque
912 1018 1066 1099 primurn,
1088 1019 1197 1098 Plato,
1223 1036 1295 1084 curn

198 1119 411 1185 Theaetetum
433 1117 593 1197 scriberet,
625 1115 815 1181 habueritne
840 1116 904 1182 iarn
934 1118 967 1182 in
991 1119 1104 1198 animo,
1129 1119 1297 1184 adnectere

200 1217 369 1300 trilogiam,
392 1234 488 1297 quam
511 1216 689 1281 inchoatam
711 1220 825 1296 postea
844 1216 997 1297 adiunxit,
1027 1217 1047 1281 i.
1072 1237 1098 1283 e.
1120 1220 1295 1299 quaeritur,

201 1338 306 1387 nonne
328 1317 479 1399 Sophiste
499 1335 625 1398 quoque
645 1316 743 1382 suerit
767 1317 798 1380 in
819 1316 873 1381 illo
895 1317 1010 1398 libello,
1034 1336 1128 1399 quem
1150 1319 1297 1385 Euclides

198 1440 271 1486 cum
294 1420 467 1501 Terpsione
490 1417 722 1485 communicet?
754 1416 902 1497 Plerique
923 1436 991 1483 rem
1012 1420 1174 1485 transiere.
1205 1419 1296 1484 Mun·

198 1521 280 1599 kius,
314 1536 391 1585 suae
417 1519 582 1600 hypothesi
613 1517 773 1596 obnoxius,
808 1517 1042 1599 Euthyphronis
1063 1520 1168 1600 gratia
1200 1521 1296 1585 etiarn

198 1620 360 1701 trilogiam
392 1619 490 1686 fuisse
520 1621 554 1683 in
577 1618 716 1684 Euclidis
749 1618 853 1684 libello
885 1618 1058 1686 affirmavit
1073 1618 1135 1702 121).
1176 1619 1296 1684 Verum

199 1720 357 1784 enimvero
379 1738 435 1785 nos
457 1719 538 1784 idem
561 1718 739 1801 praefracte
761 1736 924 1798 negamus.
959 1738 1033 1785 nam
1051 1739 1069 1785 e
1090 1719 1152 1785 fine
1175 1718 1295 1784 Theae-

198 1820 257 1886 teti
278 1819 354 1884 nihil
371 1819 445 1885 licet
469 1819 654 1885 concludere
668 1821 735 1900 12”);
758 1820 813 1885 sed
836 1837 853 1883 e
877 1821 1039 1900 prooemio
1059 1819 1198 1886 eiusdem
1218 1820 1292 1885 libri

198 1920 376 1986 necessario
408 1918 559 2001 sequitur,
582 1920 757 1997 Platonem,
793 1937 864 1984 cunr
890 1920 969 1986 haec
998 1920 1158 1998 scriberet,
1190 1918 1295 1986 solum

200 2020 409 2086 Theaetetum
428 2038 614 2103 componere
631 2019 690 2086 sibi
703 2020 904 2101 proposuisse
916 2021 987 2103 ¹²³);
1011 2026 1043 2085 et
1056 2022 1135 2086 illud
1155 2022 1293 2102 quidem,

204 2121 291 2203 quod
311 2122 391 2187 varii
413 2122 500 2187 varie
523 2126 660 2199 censent,
681 2120 845 2186 Platonem
868 2123 952 2188 inter
965 2121 1174 2187 Theaetetum
1196 2127 1230 2188 et
1241 2120 1298 2188 So·

200 2221 338 2305 phiatam
359 2221 422 2288 aha
444 2222 664 2303 composuisse,
687 2240 839 2287 verumne
855 2223 896 2287 sit
915 2223 1038 2303 nesci03
1060 2220 1119 2288 hoc
1133 2241 1208 2289 vero
1223 2223 1297 2303 scio,

201 2323 375 2401 Platonem,
398 2342 470 2389 curn
491 2324 682 2390 Theaetetus
708 2323 889 2406 Sophistam
912 2340 974 2387 non
1001 2325 1150 2404 postulet,
1182 2324 1209 2390 si
1234 2324 1298 2390 alia

202 2422 324 2504 scripta
344 2426 487 2505 tempore
509 2425 756 2501 intercesserint,
777 2441 840 2488 non
861 2423 1100 2489 coniuncturum
1124 2421 1222 2489 tuisse
1243 2422 1298 2488 So·

201 2521 341 2604 phistam
362 2542 433 2588 cum
444 2523 625 2603 Theaeteto,
647 2524 706 2588 nisi
727 2524 901 2590 arctissime
923 2543 977 2590 eos
991 2524 1161 2589 cohaerere
1179 2524 1298 2589 vvoluis·

203 2628 253 2689 set
275 2623 422 2688 indicarc.
448 2623 536 2688 Haec
559 2641 634 2689 vero
656 2624 697 2689 ad
718 2623 882 2689 consilium
905 2623 1072 2707 Sophistae
1093 2623 1299 2690 statuendum

203 2725 334 2790 maximi
355 2728 430 2791 sunt
454 2726 613 2791 momenti.
644 2726 727 2807 qnod
752 2742 813 2805 quo
841 2727 941 2806 magis
970 2728 1132 2806 appareat,
1163 2741 1299 2805 parvum

205 2825 310 2906 accipe
330 2827 536 2908 prooemium.

302 2926 508 3007 Dialogoruur
540 2924 684 2990 Platonis
712 2923 878 2988 consilium
914 2923 1032 3005 duplici
1064 2924 1157 2990 rnodo
1194 2929 1301 3005 potest

203 3024 322 3107 quaeri.
357 3025 423 3090 Aut
444 3025 615 3090 enimcum
635 3024 743 3089 studes
764 3023 886 3104 assequi
910 3024 1109 3104 sententiam,
1133 3024 1192 3090 sub
1213 3024 1303 3090 cuius

204 3126 322 3190 vexillo
353 3124 504 3191 facillime
536 3126 637 3206 possis
671 3124 775 3190 varias
803 3126 907 3206 operis
939 3129 1047 3204 partes
1074 3124 1114 3189 ad
1146 3125 1301 3192 unitatem

206 3227 370 3310 colhgere:
393 3227 475 3307 quod
496 3245 559 3308 qno
582 3226 706 3292 facilius
726 3226 770 3306 fit,
790 3244 827 3290 eo
848 3223 1018 3308 perfectius
1042 3230 1091 3291 est
1112 3244 1200 3306 opus.
1224 3224 1303 3293 hacc

204 3328 347 3408 quaestio
369 3327 411 3392 ad
433 3331 534 3393 artem
555 3328 701 3409 pertinet.
734 3327 799 3392 Aut
820 3327 928 3392 rimari
942 3327 1059 3405 studes,
1083 3344 1165 3407 quae
1187 3345 1301 3394 caussa

204 3431 390 3512 scriptorem
415 3426 584 3508 impulerit,
615 3433 653 3493 ut
672 3446 821 3509 praesens
851 3446 932 3508 opus
964 3433 1183 3510 componeret3
1218 3429 1303 3494 unde

204 3530 367 3615 proiectus
397 3527 438 3593 ad
466 3527 548 3594 hanc
576 3529 774 3610 potissimum
798 3529 1025 3595 sententiarum
1054 3527 1302 3594 coniunctionem
1353 3570 1356 3575 .

121 3641 122 3646 ’
203 3628 411 3716 perveneritz.
436 3627 524 3695 haec.
546 3630 697 3710 quaestio,
732 3646 802 3695 cum
834 3630 962 3711 genesin
991 3629 1094 3712 operis
1126 3629 1303 3709 perquirat,

204 3730 356 3799 historica
377 3732 435 3796 est.
469 3728 536 3806 Quo
559 3731 664 3794 minus
684 3730 750 3794 tale
772 3728 907 3793 alterum
927 3730 1090 3795 consihum
1110 3734 1201 3795 extra
1224 3728 1302 3795 illud

204 3833 412 3901 oestheticum
426 3830 605 3912 deprendis,
621 3847 658 3895 eo
669 3829 838 3912 perfectius
853 3835 902 3895 est
919 3848 1008 3912 opus.
1030 3831 1174 3911 quamvis
1193 3833 1302 3895 autern

205 3949 355 4019 geneseos
385 3933 517 4013 vestigia
542 3931 581 3997 ab
612 3949 705 4013 opere
733 3932 872 4014 perfecto
899 3933 1003 4012 quivis
1035 3929 1152 3998 artifex
1172 3931 1302 3998 studeat

307 4186 369 4251 121)
387 4182 497 4238 Natiirl.
516 4181 601 4237 Ordn.
620 4181 647 4240 d.
664 4182 705 4236 Pl.
723 4181 800 4238 Schr.
820 4202 846 4253 p.
860 4184 923 4240 421.

307 4271 369 4341 122)
388 4271 422 4326 cf.
442 4271 540 4326 Bonita
558 4271 593 4336 11,
612 4289 639 4341 p.
653 4272 706 4326 285
725 4289 788 4326 cum
805 4290 833 4326 n.
853 4274 876 4325 1.

310 4362 372 4428 123)
390 4360 450 4414 Hoc
469 4378 484 4415 e
501 4364 563 4415 toto
581 4360 697 4416 exordio
716 4364 841 4430 apparet.
870 4359 947 4414 velut
970 4377 986 4414 e
1008 4360 1115 4416 verbis:
1140 4359 1195 4434 ἔφη
1215 4359 1248 4414 δὲ
1264 4363 1305 4432 τῷ

205 4469 234 4515 τε
250 4456 392 4528 γεωμέτρῃ
411 4445 545 4526 Θεοδώρῳ
563 4455 664 4524 καὶτῷ
684 4445 827 4524 Θεαιτήτῳ.
848 4452 898 4504 143
905 4450 937 4504 Β.
