3000 5070
710 444 751 508 53

177 643 208 707 q.
230 625 261 692 d.
283 627 462 694 identicum.
495 628 644 709 quoniam
664 648 740 695 vero
760 629 828 696 fieri
850 629 932 696 solet
952 631 1116 695 00110000
1137 630 1274 696 admira-

179 727 233 792 bili
264 729 297 793 10
330 747 422 794 omne
454 732 579 809 tempus
608 730 722 810 indole,
756 734 794 796 ut
820 731 928 811 plures
955 733 1100 797 notiones
1122 732 1156 796 in
1178 751 1276 797 uuam

179 830 377 911 coniungere,
399 829 439 894 ab
461 829 521 894 hac
542 848 618 894 vero
642 849 713 895 cum
735 832 806 897 aliis
829 832 950 898 sociata
971 851 1084 898 rursus
1107 830 1278 900 ascendere

178 950 276 1013 queas
292 933 333 999 ad
347 932 501 1011 altiorem,
518 932 613 996 etiam
629 933 680 997 hic
703 933 824 997 utimur
844 933 996 998 vocabulo
1017 937 1090 1013 est,
1112 952 1176 1013 quo
1198 934 1277 997 alte-

178 1050 247 1098 ram
270 1031 429 1097 notionem
457 1032 550 1097 alteri
578 1032 750 1098 subiectam
775 1034 958 1100 indicemus.
1001 1035 1132 1115 Iamque
1153 1032 1276 1112 Graeci,

178 1131 232 1197 ubi
255 1133 391 1213 primum
414 1132 570 1212 cogitandi
598 1134 664 1197 vim
696 1135 820 1214 experti
845 1135 1059 1215 sophistarum
1084 1138 1192 1199 aetate
1223 1150 1276 1196 ex-

177 1233 299 1297 sultare
331 1237 502 1311 coeperunt
527 1232 678 1298 libertate
705 1235 845 1299 nondum
876 1236 954 1301 satis
983 1233 1154 1313 refrenata,
1187 1234 1277 1299 cuius

177 1331 222 1395 rei
245 1349 317 1395 cum
338 1330 402 1396 alia
424 1332 510 1411 apud
521 1331 686 1398 Platonem
702 1335 849 1414 exempla
872 1340 956 1412 sunt,
975 1339 1044 1398 tum
1055 1333 1276 1415 Euthydemus

177 1435 283 1496 exstat
307 1430 545 1496 celeberrimum
576 1433 814 1500 documentum:
849 1455 888 1501 ea
915 1438 1021 1500 aetate
1048 1435 1187 1498 maximo
1212 1432 1276 1498 fuit

177 1531 326 1610 subsidio,
348 1548 411 1611 quo
434 1532 595 1612 captiones
621 1536 698 1598 tunc
722 1537 874 1616 temporis
902 1534 1077 1600 incredibili
1105 1534 1273 1614 voluptate

176 1635 326 1711 exceptae
347 1631 476 1697 latitare
499 1637 635 1712 possent,
658 1633 777 1713 duplex
801 1634 852 1698 ille
874 1652 949 1698 usus
968 1633 1113 1698 vocabuli
1136 1638 1193 1697 est.
1229 1632 1276 1696 ita

176 1737 214 1796 ut
232 1733 280 1795 vir
301 1732 461 1813 gravitate
485 1733 588 1813 magis
614 1750 709 1812 quam
732 1734 849 1814 ingenii
870 1734 990 1798 lumine
1016 1734 1158 1815 insignis,
1182 1732 1273 1797 Anti-

176 1832 313 1911 sthenes,
336 1832 484 1911 inprime
502 1833 559 1897 illa
571 1832 717 1898 vocabuli
734 1834 766 1898 vi
781 1834 859 1900 adeo
871 1840 1014 1901 censeret
1027 1834 1272 1914 persistendum,

177 1937 214 1998 ut
234 1933 323 1997 nulla
343 1931 458 1997 iudicia
478 1933 539 1997 uisi
561 1952 590 2014 q.
613 1933 643 1997 d.
666 1934 803 1999 identica
822 1936 920 2001 vellet
941 1934 1118 2001 concedere.
1150 1933 1274 2015 quaesi·

176 2038 301 2112 verunt,
336 2032 494 2113 quomodo
524 2032 617 2097 homo
650 2035 793 2116 cogitans
826 2053 863 2100 eo
897 2035 1104 2100 absurditatis
1133 2034 1276 2115 potuerit

177 2134 332 2210 devenire,
356 2139 494 2215 suntque
515 2136 570 2214 qui
593 2135 733 2214 credant,
746 2123 965 2201 Antistheuem
987 2135 1082 2218 (sicut
1102 2135 1274 2218 sophistas)

176 2237 301 2313 erroris
331 2253 425 2316 quem
453 2235 638 2312 vendiderit,
670 2235 726 2301 sibi
752 2234 850 2301 fuisse
876 2236 1034 2301 conscium
1069 2227 1275 2317 (εἰρωνικόν.)

175 2336 294 2401 Verum
305 2341 342 2399 ut
356 2337 454 2401 etiam
464 2342 575 2402 nostra
587 2342 693 2401 aetate
710 2354 778 2402 esse
788 2337 941 2415 videmus,
964 2336 1018 2415 qui
1032 2336 1207 2400 doctrinam
1228 2334 1275 2398 in-

176 2435 357 2502 credibilem
368 2441 401 2500 01
410 2437 538 2516 penitus
552 2436 723 2502 absurdam
734 2438 885 2503 studeant
897 2455 1086 2520 propagare,
1097 2456 1155 2501 000
1168 2442 1275 2500 tamen

176 2535 247 2603 ideo
278 2535 478 2601 simulatione
506 2540 648 2614 utantur,
681 2536 738 2602 sed
761 2538 895 2602 candide
916 2556 954 2603 ac
977 2536 1098 2602 sincere
1125 2536 1274 2617 exiguum

174 2636 355 2719 opinionum
380 2642 530 2718 systema,
560 2637 645 2718 quod
666 2636 746 2702 bene
769 2637 946 2717 cohaereat,
968 2635 1085 2702 falsum
1101 2641 1209 2700 autem
1222 2637 1273 2714 sit,

177 2756 249 2802 cum
275 2742 397 2802 constet
420 2755 438 2801 e
459 2738 637 2802 notionibus
659 2736 758 2816 falsis,
787 2742 957 2817 postquam
980 2736 1060 2801 bene
1081 2735 1198 2815 diuque
1221 2753 1274 2798 ex·

175 2837 312 2919 positum
343 2836 474 2902 tandem
501 2837 694 2916 intellexere,
724 2837 913 2919 disputando
942 2835 1196 2915 corroboravere,
1228 2837 1265 2901 vi·

175 2939 276 3003 vendo
301 2938 497 3016 adamavere,
521 2941 674 3003 tueantur
701 2944 812 3018 postea
841 2937 874 3002 in
902 2954 995 3002 omne
1022 2941 1147 3016 tempus
1171 2954 1275 3016 neque

174 3043 247 3107 ullis
268 3040 427 3105 rationum
455 3039 607 3103 machinis
638 3041 679 3105 ad
701 3040 856 3105 veriorem
877 3036 1129 3121 intellegentiam
1154 3042 1274 3116 queant

167 3142 318 3225 propelli,
340 3138 397 3206 sed
414 3140 529 3205 mentis
546 3140 703 3221 angustiis
713 3139 920 3220 perfruantur
934 3139 1111 3217 errorisque
1124 3135 1273 3201 beneficio

175 3243 238 3307 sint
261 3258 292 3321 q.
314 3240 345 3305 d.
368 3239 477 3305 felices
491 3240 685 3304 —similiter
709 3258 781 3304 mea
806 3239 964 3304 sententia
976 3237 1173 3302 Antisthenis
1197 3254 1273 3315 quo·

176 3358 238 3421 que
260 3341 373 3405 vitium
394 3358 467 3406 cum
490 3339 625 3404 Platone
646 3344 678 3404 et
688 3339 862 3404 Aristotele
885 3338 917 3401 in
938 3337 1053 3402 mentis
1073 3341 1273 3417 paupertate,

174 3439 273 3527 πενίᾳ
294 3443 352 3526 τῆς
373 3439 451 3523 περὶ
474 3434 632 3526 φρόνησιν
654 3433 798 3523 κτήσεως
819 3437 952 3520 (2510),
976 3439 1193 3516 quaerendum
1215 3443 1272 3517 est,
1337 3470 1340 3475 ·

176 3543 270 3625 idque
291 3559 401 3606 verum
424 3559 492 3606 esse
514 3541 631 3621 optime
654 3541 855 3622 cognoscitur
881 3537 1036 3617 elabere,
1058 3555 1121 3618 quo
1132 3537 1224 3600 Plato
1240 3538 1272 3602 10

175 3642 342 3724 Sophistae
371 3647 477 3723 parte,
506 3641 547 3706 de
582 3659 646 3722 qua
674 3641 823 3720 dicimus,
858 3641 1050 3705 contrariam
1082 3639 1273 3703 sententiam

173 3744 282 3810 studet
305 3741 442 3807 firmare.
470 3743 594 3807 Etenim
606 3741 708 3819 Plato,
729 3759 799 3806 cum
823 3742 986 3806 notionum
1009 3739 1042 3821 (i.
1066 3759 1093 3804 e.
1114 3737 1272 3820 idearum)

174 3849 316 3926 systema
338 3843 523 3924 variamque
547 3860 658 3907 earum
678 3841 861 3907 societatem
883 3840 1083 3922 perspiceret,
1097 3840 1180 3904 hanc
1197 3856 1273 3903 vero

174 3962 237 4008 000
269 3944 375 4009 minus
408 3961 505 4024 quam
538 3945 736 4009 identitatem
767 3949 897 4025 propter
930 3943 1084 4008 incuriam
1115 3943 1182 4005 τῶν
1214 3943 1273 4026 τῆς

171 4036 320 4128 γλώσσης
346 4045 551 4125 νομοθετῶν,
575 4061 673 4124 quam
701 4062 796 4125 saepe
820 4049 957 4126 accusat,
986 4044 1097 4109 eodem
1119 4043 1273 4108 vocabulo

175 4146 243 4210 ‘est'
266 4146 387 4210 videret
415 4144 594 4227 significari,
625 4147 700 4210 dum
722 4152 869 4210 accurate
891 4146 1033 4225 loquitur
1057 4145 1198 4225 copulae,
1223 4163 1271 4208 so-

173 4245 319 4310 cietatem
350 4245 570 4309 tantummodo
599 4246 798 4326 significanti,
826 4246 913 4311 aliud
937 4245 1126 4311 vocabulum
1145 4241 1274 4325 μετέχει

173 4346 347 4411 substituit.
384 4345 443 4411 hoc
473 4346 570 4428 igitur
601 4348 765 4426 vocabulo,
796 4364 857 4427 quo
879 4347 959 4412 alias
979 4348 1028 4411 uti
1051 4343 1273 4426 0010101101-

172 4444 268 4526 θεξιν
288 4439 385 4510 ἰδεῶν
406 4445 655 4529 significandam,
677 4465 760 4528 quae
780 4453 831 4513 est
851 4447 975 4513 rebus
998 4444 1270 4528 sensibilibus,
