3000 5070
769 429 807 490 10

240 609 449 679 Susamiblius
473 608 518 693 (p.
535 614 608 687 292)
630 611 663 676 in
684 608 831 677 universo
854 611 1003 676 instituto
1025 611 1186 680 Bouitzius
1211 616 1253 694 (p.
1266 615 1339 694 310)

241 712 322 778 vitia
344 710 539 792 deprehendi
561 711 776 790 ostenderunt,
799 712 903 776 nescio
934 730 975 776 an
1001 711 1177 779 taediosum
1202 714 1338 795 cuipiam

240 831 310 881 esse
332 812 486 880 videatur.
509 815 593 878 corte
616 812 827 877 necessarium
852 817 909 888 est,
940 830 1010 876 cum
1036 813 1161 878 illorum
1194 814 1340 881 observa·

242 915 345 981 tiones
366 931 468 993 neque
491 913 532 978 ad
555 913 682 994 plenum
705 912 744 976 de
766 911 972 979 divisionibus
1000 914 1150 979 iudicium
1175 912 1340 980 ferendum

242 1013 413 1096 sufficiant,
436 1031 539 1093 neque
562 1012 789 1094 prohibuerint,
813 1013 980 1092 quominus
1005 1014 1102 1079 etiam
1124 1014 1216 1080 hodie
1237 1014 1339 1081 diver·

240 1116 285 1183 sis
307 1133 327 1179 a
349 1113 492 1196 partibus
515 1113 691 1178 sententiae
714 1112 753 1177 de
774 1130 812 1178 ea
833 1131 868 1178 re
889 1111 1035 1179 ferantur
1056 1115 1194 1180 maxime
1212 1133 1339 1196 perver-

242 1230 305 1280 sae.
329 1231 400 1279 cum
424 1214 507 1278 enim
530 1213 601 1294 ipsa
625 1212 680 1277 illa
709 1212 741 1276 in
762 1212 930 1278 dividendo
952 1214 1032 1279 vitia
1061 1215 1164 1282 fusius
1190 1215 1340 1296 persequi

241 1331 415 1394 eorumque
437 1333 584 1381 caussam
607 1314 732 1393 aperire
753 1333 771 1379 e
789 1332 825 1379 re
846 1313 967 1395 fuisset,
992 1315 1128 1382 Groteus
1152 1315 1195 1398 (p.
1208 1319 1282 1394 469)
1302 1334 1340 1382 ea

217 1464 220 1469 -
240 1416 365 1482 omnino
380 1416 527 1496 neglexit,
550 1414 712 1486 Albertius
724 1413 764 1497 25)
788 1419 896 1480 autem
911 1422 943 1481 et
956 1415 1150 1497 Stephanius
1173 1421 1217 1498 (p.
1234 1419 1339 1497 llsq.)

240 1516 347 1584 oculos
370 1515 410 1582 ab
436 1516 482 1582 eis
508 1520 664 1593 avertunt,
695 1519 849 1595 tanquam
878 1515 1037 1583 laudando
1071 1517 1151 1582 alias
1179 1535 1230 1582 res
1261 1517 1341 1583 vitia

240 1617 295 1684 illa
318 1620 556 1696 excusarentur,
579 1615 885 1682 Schaamchmidtius
910 1619 1033 1696 ver02⁶)
1057 1617 1212 1697 quidquid
1235 1617 1340 1683 vitiosi

240 1724 273 1784 et
294 1718 392 1799 inepti
414 1718 448 1783 in
471 1716 677 1784 divisionibus
692 1718 850 1797 reperitur
863 1717 997 1799 benigne
1013 1718 1228 1798 amplectitur,
1253 1717 1339 1784 haud

240 1819 318 1887 satis
350 1836 458 1886 secum
486 1821 648 1899 reputans,
678 1835 725 1894 ea,
758 1833 841 1896 quae
871 1817 936 1883 iam
964 1818 1137 1883 tractaturi
1160 1836 1279 1896 sumus,
1313 1819 1341 1884 si

240 1919 281 1986 ab
304 1919 366 1984 alio
384 1935 481 1998 quam
504 1937 525 1984 a
547 1916 681 1982 Platone
704 1922 811 1982 essent
833 1915 987 1998 prolecta,
1012 1935 1075 1981 non
1090 1915 1263 1984 faciliorem
1287 1917 1341 1982 ha·

241 2019 316 2086 bere
338 2018 580 2100 explicationem
602 2017 659 2084 sed
679 2018 780 2082 multo
803 2016 1020 2084 difficiliorem.

341 2119 403 2186 Sed
429 2120 494 2185 iam
522 2121 649 2200 tempus
678 2124 728 2185 est
758 2120 792 2185 in
814 2119 918 2200 ipsum
944 2118 1126 2200 Sophistam
1150 2118 1340 2186 descendere

242 2226 274 2287 et
295 2221 404 2302 paucis
428 2219 467 2285 de
484 2237 615 2285 numero
637 2218 853 2285 definitionum
875 2219 1056 2300 praemissis
1079 2219 1217 2299 primum
1237 2219 1341 2285 dicere

241 2323 281 2388 dc
305 2320 510 2388 divisionibus
534 2325 567 2385 et
589 2319 750 2401 sophistae
761 2317 1000 2399 definitionibus,
1023 2336 1106 2399 quae
1117 2322 1192 2384 ante
1203 2320 1340 2386 mediam

241 2425 376 2503 partem,
401 2420 514 2486 deinde
535 2421 575 2486 de
597 2421 651 2498 eis,
677 2437 758 2500 quae
779 2419 963 2501 postillam
984 2420 1143 2502 leguntur.

191 2511 192 2516 ’
243 2599 246 2609 1
340 2520 480 2586 Habebis
502 2521 602 2600 igitur
622 2519 819 2586 definitiones
840 2521 868 2586 si
889 2521 958 2600 ipse
981 2539 1051 2586 cum
1063 2520 1196 2586 Platone
1209 2520 1340 2602 diligen·

242 2626 293 2688 ter
314 2639 464 2688 numeras
488 2639 589 2702 usque
616 2621 656 2688 ad
679 2639 747 2702 cap.
767 2626 804 2686 19
830 2619 964 2703 (2310),
994 2621 1135 2701 quinque
1162 2619 1214 2702 (cf.
1228 2622 1339 2687 225E:

240 2719 417 2806 vicepapa).
460 2739 542 2803 quae
573 2722 650 2788 dum
684 2739 752 2802 cap.
774 2725 812 2786 19
848 2724 1108 2788 consummantur
1142 2720 1246 2786 subito
1281 2739 1340 2787 sex

240 2826 315 2888 sunt
345 2821 450 2888 factae
465 2820 517 2903 2⁷);
552 2823 673 2888 scilicet
703 2820 918 2888 definitionem
941 2822 1071 2887 tertiam
1095 2823 1158 2883 224
1172 2820 1248 2900 DE,
1284 2839 1341 2903 per

239 2939 275 2990 se
295 2923 361 2988 iam
382 2923 461 2988 satis
485 2922 607 3002 exilem,
632 2922 664 2986 in
686 2922 766 2988 duas
788 2922 970 3004 dispescuit.
993 2940 1075 3004 quae
1095 2939 1185 2986 mera
1207 2922 1339 3002 scripto·

239 3020 285 3089 ris
306 3022 506 3103 neglegentia
530 3023 638 3096 est²⁸).
666 3019 733 3087 Nos
755 3040 827 3088 cum
851 3022 975 3103 ultima,
1000 3039 1082 3102 quae
1096 3019 1191 3086 finem
1215 3020 1339 3102 dialogo

238 3122 382 3204 imponit,
407 3127 529 3204 septem
552 3139 777 3188 numeramus«

332 3388 377 3458 25)
396 3386 494 3443 Rhein.
513 3387 585 3442 Mus.
602 3388 672 3444 1866
689 3405 715 3457 p.
729 3389 789 3442 192.
808 3386 857 3442 ubi
874 3385 939 3441 dum
960 3385 1127 3442 divisionum
1155 3387 1339 3443 ‘ieiunitatem

240 3474 428 3544 minutamque
447 3473 640 3528 subtilitatem’
662 3477 784 3541 excusat,
811 3473 872 3542 ipsa
891 3472 1043 3538 contraria,
1072 3491 1155 3542 quam
1177 3475 1341 3544 quaesunt,

240 3564 281 3619 eis
301 3562 460 3619 vindicavit.
489 3578 546 3615 non
574 3562 641 3615 setis
660 3561 752 3615 ieiuna
769 3564 843 3627 sunt,
862 3560 966 3630 quippe
985 3578 1055 3630 quae
1073 3561 1254 3617 luxurientur
1274 3560 1343 3614 ime·

240 3651 361 3722 ginibus‚
380 3649 522 3704 nonsatis
541 3648 662 3716 subtilia,
681 3651 789 3702 scatent
807 3647 880 3702 enim
899 3647 1095 3718 neglegentiis.

330 3740 376 3806 26)
393 3737 465 3792 Plat.
484 3736 562 3792 Schr.
581 3753 607 3805 p.
619 3738 671 3790 187
676 3737 770 3790 -192,
803 3734 931 3788 Omnium
949 3734 1008 3789 fere
1026 3735 1275 3791 Schaersebmidtii
1298 3753 1342 3790 ar·

240 3829 437 3898 gumentorum
457 3826 541 3894 capiti·
559 3828 609 3890 est,
630 3823 704 3890 quod
723 3822 872 3877 divisiones
893 3823 966 3878 serio
982 3823 1066 3878 vultu
1077 3826 1246 3892 promuntur
1267 3824 1343 3877 etin

240 3915 359 3970 Politice
378 3914 514 3984 repetitae
533 3913 617 3968 etiem
636 3930 652 3965 a
670 3912 809 3981 scriptore
827 3910 1024 3968 defenduntur.
1071 3929 1142 3981 quae
1178 3912 1272 3966 omnia
1298 3929 1342 3966 re-

241 4002 365 4060 ctissima
383 4006 448 4057 sunt
465 4004 577 4071 praeter
596 4016 680 4053 unam
697 4000 839 4053 voculam:
868 4016 925 4054 non
949 4017 966 4053 a
985 4001 1123 4068 scriptore
1143 3997 1343 4062 defenduntur,

241 4090 290 4146 sed
307 4090 342 4144 ab
361 4088 471 4158 hospite
493 4088 612 4158 quodam
630 4087 765 4141 Eleatico.

332 4180 378 4244 27)
399 4176 431 4230 ld
449 4176 591 4245 quodiam
613 4172 980 4229 aSehleiermachero
999 4171 1068 4242 (not.
1081 4173 1117 4228 ad
1128 4173 1179 4226 231
1191 4171 1223 4224 D.
1236 4188 1264 4241 p·
1277 4175 1341 4242 335)

241 4269 271 4321 et
287 4265 456 4320 Bonitzio
476 4269 514 4333 (p.
528 4268 580 4319 308
598 4283 625 4320 n.
637 4264 680 4333 24)
699 4264 878 4319 observatum
896 4265 948 4316 est.

313 4355 361 4422 28)
380 4353 420 4407 Et
436 4369 488 4424 per
505 4371 535 4408 se
552 4353 664 4422 quidem
682 4352 791 4407 veniam
809 4352 923 4407 habetol
955 4346 1121 4418 quodecim
1149 4346 1256 4401 nostris
1283 4344 1342 4414 qui·

241 4442 360 4497 busdam
379 4440 546 4497 doctissimis
565 4441 677 4507 accidit,
704 4438 943 4496 Stellbaumio
962 4436 1000 4507 (p.
1017 4437 1060 4504 16)
1079 4439 1111 4489 ut
1129 4433 1284 4491 secundem
1301 4431 1342 4487 le·
