3000 5070
709 445 857 507 67.

181 630 288 694 tamen
313 625 457 692 idearum
484 624 615 690 umbrae
637 623 795 705 quaedam
822 641 972 691 essenon
994 625 1150 705 desinunt,
1173 643 1280 690 errore

180 734 213 793 et
235 727 396 792 mendacio
425 728 611 807 permutari.
646 728 737 791 cuius
766 727 812 789 rei
843 725 977 792 lucidius
1002 728 1181 807 exemplum
1209 743 1280 794 esse

180 849 241 895 non
268 835 411 911 poterat,
439 847 534 909 quam
564 828 738 910 sophistae.
770 828 899 909 accedit,
922 829 1006 910 quod
1028 848 1117 894 error
1138 835 1170 894 et
1192 848 1277 895 men·

178 932 305 997 dacium
322 930 549 995 eParmenidis
568 930 712 994 doctrina
730 948 793 994 non
807 932 909 994 solum
923 931 1075 1011 explicari
1093 930 1278 1011 nequibant,

179 1033 408 1097 verumetiam
437 1031 581 1112 principii
602 1031 828 1110 consequentia
854 1037 946 1096 erant
974 1032 1133 1112 neganda;
1167 1032 1212 1097 ita
1239 1035 1278 1096 ut
1392 1055 1394 1059 ·

179 1132 315 1198 fortasse
339 1131 442 1196 omnia
456 1133 530 1209 1113,
554 1131 667 1210 quibus
679 1131 822 1196 Platonis
845 1136 951 1197 aetate
972 1150 1111 1197 errorem
1133 1150 1202 1196 esse
1223 1151 1277 1196 ne·

61 1291 64 1296 .
178 1233 268 1313 quire
295 1232 489 1310 obtinebant,
519 1232 672 1311 originem
701 1233 850 1297 duxerint
880 1251 898 1296 e
924 1233 1042 1312 schola,
1075 1234 1179 1313 qualis
1207 1237 1276 1299 tum

178 1338 257 1412 erat,
289 1333 431 1399 Eleatica
453 1334 630 1416 sophisticis
654 1334 768 1400 studiis
790 1334 876 1399 hand
900 1333 1014 1398 aliena.
1057 1332 1196 1414 Elegans
1216 1334 1276 1397 Bo·

177 1434 264 1496 nitzii
286 1434 464 1500 observatio
485 1438 544 1514 est,
568 1433 731 1499 Platonem
755 1453 791 1499 eo
813 1434 901 1512 libro,
925 1451 988 1513 quo
1013 1435 1117 1498 omnia
1140 1433 1276 1514 philoso-

175 1531 311 1611 phorum
337 1533 491 1613 principia
520 1536 685 1614 amplexus
707 1536 756 1610 sit,
768 1533 940 1615 'sophistae
962 1551 1089 1613 quoqne
1112 1552 1205 1598 snum
1227 1535 1274 1598 lo«.

175 1649 247 1695 cum
270 1638 361 1695 extra
384 1631 614 1714 philosophiam
640 1636 818 1716 assignasse
832 1633 900 1715 ¹²⁵);
935 1637 1010 1697 ante
1036 1632 1141 1697 omnia
1165 1637 1274 1697 antem

175 1732 246 1797 ideo
280 1732 404 1797 videtur
438 1735 614 1814 sophistam
646 1734 865 1816 quaerendum
900 1734 1111 1815 proposuisse,
1143 1733 1218 1812 quia
1248 1733 1274 1797 is

175 1835 253 1908 erat,
276 1833 367 1897 cuius
389 1831 526 1899 definitio
549 1853 703 1900 essenon
726 1839 862 1917 poterat,
884 1834 943 1899 nisi
965 1839 1060 1898 antea
1076 1832 1275 1898 Parmenidis

175 1932 309 1995 vetitum
343 1931 420 1997 illud
450 1929 495 2018 μὴ
526 1923 564 1995 iiv
597 1936 780 2015 iussumque
813 1935 905 2000 simul
935 1923 974 1997 ὅν
1009 1932 1272 2013 confringebatur.

177 2028 385 2111 Quamquam,
414 2051 484 2096 cum
509 2034 635 2114 plenam
658 2052 696 2098 ac
723 2035 839 2099 iustam
871 2032 1032 2112 sophistae
1059 2032 1273 2113 definitionem

175 2131 214 2196 ab
239 2132 327 2197 initio
352 2151 453 2213 usque
475 2133 624 2199 adfinem
641 2136 757 2216 dialogi
780 2153 842 2199 non
866 2135 998 2215 reperiri
1022 2133 1273 2197 demonstratum

176 2233 306 2298 anobis
327 2233 376 2310 sit,
402 2234 461 2298 hac
484 2236 610 2314 quidem
634 2255 653 2298 a
675 2240 767 2317 parte
783 2236 982 2318 propositum
994 2253 1058 2299 non
1072 2234 1270 2314 persolvitur,

174 2334 363 2414 videturque
387 2336 481 2401 Plato
509 2354 547 2400 ea
576 2356 610 2402 re
643 2337 755 2401 docere
781 2337 925 2414 voluisse,
959 2335 1063 2400 omnia
1093 2336 1157 2414 illa,
1190 2353 1272 2416 quae

174 2435 360 2516 pinguntur,
384 2435 548 2516 disparata
570 2431 803 2524 πολυκεφάλου
825 2436 985 2518 sophistae
1005 2435 1109 2500 studia
1133 2453 1194 2500 uno
1219 2437 1271 2500 de·

173 2534 323 2600 finitionis
355 2537 477 2602 vinculo
504 2539 636 2617 nequire
661 2538 776 2620 colligi.
812 2543 970 2618 qnatenus
990 2555 1076 2602 vero
1108 2535 1272 2616 sophistae

172 2634 310 2702 definitio
332 2655 401 2704 esse
421 2644 535 2719 potest,
559 2646 690 2705 eatenus
714 2641 801 2705 hand
818 2638 916 2703 deest.
942 2631 1080 2701 εἴδωλον
1099 2642 1132 2701 et
1146 2637 1271 2719 ψεῦδος

171 2741 256 2816 sunt,
280 2755 362 2816 quae
384 2737 524 2804 Platonis
544 2740 689 2820 opinione
718 2740 821 2820 ipsam
844 2738 1005 2819 sophistae
1027 2741 1175 2802 naturam
1196 2757 1270 2803 con·

172 2837 321 2918 stituant3
347 2844 380 2903 et
409 2839 470 2904 hae
499 2841 568 2906 eius
599 2843 694 2906 notae
716 2840 757 2904 ad
778 2839 908 2904 Eleatas
931 2839 1160 2904 convincendos
1183 2837 1270 2904 suffi-

171 2937 267 3004 ciunt.
295 2939 355 3004 hae
372 2945 479 3004 autem
498 2946 601 3019 notae,
625 2941 718 3006 unice
730 2959 837 3019 verae,
858 2959 920 3006 non
941 2939 1110 3006 dividendo
1133 2940 1270 3004 invenie·

170 3037 297 3114 bantur,
318 3040 372 3105 sed
392 3041 445 3117 ita,
462 3046 498 3105 nt
514 3043 545 3105 in
559 3042 720 3124 sophistae
742 3044 888 3120 indolem,
905 3042 1009 3123 qualis
1024 3061 1085 3107 usu
1098 3047 1268 3120 constaret,

170 3139 273 3205 acrius
296 3140 516 3220 inquireretur.
550 3143 666 3208 Contra
691 3143 895 3209 divisionibus
917 3145 979 3208 illis
1000 3143 1153 3223 quidquid
1175 3142 1269 3208 effici-

170 3243 233 3318 tur,
262 3238 303 3316 id,
331 3243 473 3322 quamvis
497 3243 657 3323 sophistae
677 3249 826 3309 naturam
846 3245 964 3324 partim
986 3243 1071 3308 haud
1094 3245 1177 3308 mala
1197 3243 1268 3307 illu·

171 3344 260 3420 stret,
281 3345 391 3407 tamen
413 3344 491 3409 nihil
510 3345 615 3410 minus
637 3364 732 3426 quam
756 3347 840 3411 iusta
867 3344 1006 3410 definitio
1035 3348 1092 3408 est.
1135 3344 1268 3424 Iamque

170 3458 232 3505 non
253 3441 389 3524 amplius
410 3441 536 3510 differre
564 3446 639 3510 licet
661 3446 813 3527 pavidum
844 3447 883 3511 de
905 3445 1110 3511 divisionibus
1132 3445 1193 3510 illis
1219 3446 1268 3509 iu·

169 3542 293 3622 dicium,
322 3547 467 3624 quamvis
489 3545 574 3610 haud
607 3545 732 3612 facilem
759 3547 843 3628 apud
869 3545 952 3611 viros
974 3545 1081 3612 doctos
1110 3544 1203 3609 fidem
1225 3547 1268 3610 sit

169 3642 361 3710 habiturum
405 3645 467 3712 Sed
486 3651 588 3724 antea,
613 3665 675 3727 quo
696 3646 890 3727 quaestionis
910 3645 1079 3713 difficultas
1103 3652 1265 3728 appareat,

169 3745 304 3809 aliorum
325 3747 523 3812 excutiamus
546 3749 720 3830 opiniones.

268 3842 358 3922 Sunt,
382 3845 436 3923 qui
452 3845 657 3912 divisionibus
673 3848 806 3912 aliorum
820 3845 1060 3928 philosophandi
1081 3843 1267 3909 methodum

167 3943 256 4025 carpi
279 3952 435 4023 censeant,
457 3946 645 4029 ignotorum,
675 3954 712 4014 ut
735 3949 843 4014 Astius
864 3947 908 4030 (p.
925 3947 1000 4028 215)
1023 3946 1263 4027 Megaricorum,

167 4047 204 4109 ut
225 4043 454 4112 Stallbaumius
478 4051 521 4128 (p.
535 4051 574 4110 32
588 4047 649 4130 sq.)
670 4055 797 4131 putant.
841 4049 977 4114 Caussas
998 4053 1111 4113 neuter
1133 4046 1263 4112 addidit.

166 4145 232 4210 Nec
256 4147 356 4227 magis
377 4149 491 4213 muniit
510 4151 699 4216 sententiam
718 4170 809 4215 suam
822 4151 977 4216 Groenius
993 4152 1062 4233 ¹²⁶):
1087 4149 1262 4227 Platonem,

267 4289 329 4358 125)
347 4289 417 4343 Plat.
437 4290 516 4346 Stud.
534 4292 570 4358 II,
589 4295 641 4346 318
654 4310 692 4360 sq.
714 4295 775 4347 324.

267 4377 328 4445 126)
346 4377 462 4432 Groen
473 4397 532 4433 van
541 4380 563 4433 P
571 4381 601 4433 ri
609 4386 705 4434 nster·
713 4399 755 4445 er,
767 4381 1007 4450 prosopographia
1014 4380 1165 4443 Platonica,
1175 4377 1266 4449 Lugd.

166 4465 196 4519 B.
218 4468 296 4531 1823,
316 4485 344 4537 p.
358 4470 402 4521 75.
