3000 5070
707 435 748 497 27

176 611 232 705 ἄη
253 660 295 669 -
315 621 388 688 hinc
408 621 576 703 colligitur,
601 622 665 703 ‘qui
685 639 820 686 nonens
840 620 925 698 dicit,
946 620 1073 686 omuino
1094 637 1158 686 non
1179 617 1275 685 dicit'

178 725 293 791 Altera
313 724 367 790 uia
385 723 466 789 haec
485 729 550 790 ost:
581 728 725 790 ‘nonens
752 723 834 789 entis
853 723 1032 788 subiectum
1057 738 1126 786 esse
1144 717 1274 802 nequit’

176 823 237 892 hoc
255 827 372 891 iterum
390 826 460 890 sine
480 825 749 892 demonstratione
767 825 904 890 sumitur
924 824 1038 888 238A:
1070 819 1116 908 μὴ
1140 810 1210 886 ὄπι
1239 816 1277 884 δέ

176 947 209 989 τι
241 927 309 989 τῶν
336 914 443 990 ὄντων
466 911 530 1007 ἆρα
560 922 815 1009 προςγίγνεσθαι
840 918 992 1009 φήσομεν
1018 917 1156 987 mamm
1175 912 1276 1002 circu

176 1063 219 1071 —
238 1025 294 1090 καὶ
313 1029 403 1108 πῶς;
428 1063 465 1072 -
487 1028 559 1093 luinc
586 1027 794 1102 concluditur,
825 1044 909 1105 eum,
942 1024 996 1106 qui
1026 1024 1112 1088 dicat
1130 1039 1274 1098 monens,

175 1128 281 1195 faeere
301 1131 431 1211 aliquid,
451 1131 537 1211 quod
555 1129 624 1195 fieri
643 1133 791 1209 nequeat
833 1128 940 1205 Vides,
960 1129 1044 1192 iuter
1065 1125 1202 1191 duarum
1222 1123 1275 1187 de

176 1230 441 1296 monstrationum
463 1230 586 1296 exitum
605 1229 666 1295 hoc
686 1231 857 1295 dumtaxat
878 1231 1039 1306 interesse,
1065 1228 1151 1310 quod
1171 1229 1275 1307 poste

175 1329 250 1395 riori
276 1330 480 1396 contradictio
508 1332 611 1414 magis
640 1331 738 1397 etiam
759 1336 879 1413 pateat,
906 1348 1003 1411 quam
1034 1329 1140 1411 priori,
1172 1331 1206 1392 et
1233 1324 1292 1391 ad,

176 1431 308 1496 eundem
330 1431 463 1496 lucidius
476 1431 713 1514 proponendam
731 1432 827 1497 tertio
841 1432 909 1497 loco
927 1430 1064 1507 additur,
1080 1427 1177 1494 etiam
1191 1445 1274 1503 eum,

174 1529 230 1612 qui
250 1527 300 1593 ‘cd
321 1525 367 1614 μὴ
389 1523 427 1593 ὂν
445 1521 537 1594 εἶναι’
559 1530 696 1609 refellat,
719 1533 789 1612 cogi
812 1531 870 1596 srlri
892 1529 1117 1596 contradicere.

273 1628 345 1693 Hae
366 1636 441 1695 sunt
471 1631 633 1698 uon-entis
655 1631 868 1710 difficultates,
902 1648 1033 1710 eaeque,
1065 1632 1104 1693 ut
1124 1626 1276 1705 ridemus,

175 1729 345 1795 maximae
365 1749 425 1796 nec
444 1731 534 1797 nobis
552 1732 814 1812 acquiescendum
834 1737 895 1807 cst,
916 1730 1014 1796 donec
1034 1747 1090 1794 eas
1108 1745 1219 1794 omues
1230 1727 1275 1791 vi·

175 1829 307 1896 dcamus
328 1832 492 1912 enodatas,
514 1851 573 1897 uec
591 1833 780 1912 verebimur,
801 1831 924 1897 siforte
938 1828 1276 1910 subsidiaascriptorc

175 1929 255 1996 data
272 1949 337 1997 non
357 1932 524 2010 sufficiant,
545 1932 598 1999 uel
615 1934 703 1998 ultra
715 1952 754 1999 ca
765 1933 913 2016 progredi
928 1929 1119 2013 quaerendo.
1141 1929 1278 1995 fortasse

175 2032 220 2096 sic
239 2034 451 2115 apparebunt,
485 2053 619 2115 quorum
644 2053 759 2099 caussa
782 2033 977 2117 quaesivisse
1004 2031 1276 2114 operaepretium

175 2133 228 2197 sit
250 2132 338 2198 haud
356 2134 510 2198 uilissima
533 2138 618 2212 sunt,
648 2152 731 2215 quae
751 2135 847 2198 Plato
878 2133 956 2217 ipsis
986 2130 1166 2213 legentibus
1196 2129 1279 2194 solet

175 2233 364 2298 invenienda
384 2234 575 2315 relinquere
619 2233 682 2300 Sed
701 2239 875 2316 antequam
901 2251 985 2314 quae
1014 2232 1127 2297 reticet
1146 2229 1277 2312 indaga·

177 2350 258 2409 mus,
280 2333 417 2416 primum
440 2339 491 2400 est
516 2335 745 2415 exponendum,
778 2352 843 2416 qus
873 2334 999 2400 ratione
1028 2333 1097 2415 ipsc
1122 2330 1155 2395 in
1180 2328 1279 2395 tertia

176 2433 272 2500 huius
292 2433 415 2499 mediae
434 2434 657 2517 disputationis
672 2439 766 2518 parte
784 2435 929 2502 nonenti
948 2433 1086 2501 uindicet
1100 2432 1279 2498 essentum·

177 2534 268 2612 Quod
288 2554 346 2617 per
367 2554 403 2601 se
423 2535 551 2617 quidem
570 2538 650 2602 satis
668 2536 804 2619 simplex
824 2543 882 2602 est.
904 2536 1072 2617 distinguit
1083 2535 1177 2613 enim,
1200 2536 1280 2597 uta

176 2635 288 2701 multis
306 2634 372 2699 iam
393 2641 444 2702 est
463 2634 667 2702 observatum
678 2639 730 2718 ⁴⁴),
744 2638 808 2702 duo
822 2638 981 2711 non-‚entis
991 2653 1119 2717 genera,
1139 2634 1276 2715 logicum

175 2740 210 2801 et
229 2736 450 2816 ontologicum,
472 2738 525 2803 vel
547 2739 666 2802 rectius
687 2738 856 2802 relativum
875 2742 909 2803 et
930 2736 1118 2812 absolutum,
1141 2735 1218 2813 siue,
1239 2737 1278 2797 ut

175 2835 245 2919 ipse
270 2835 355 2916 dicit,
382 2837 416 2901 id
442 2838 527 2917 quod
558 2842 609 2902 est
637 2834 751 2918 ἕτερον
774 2839 834 2901 τοῦ
861 2826 957 2914 ὄντος
985 2842 1019 2902 et
1050 2835 1093 2916 id,
1121 2835 1207 2917 quod
1227 2838 1278 2899 est

178 2933 332 3001 ἐναπίον.
365 2944 570 3020 quapropter,
601 2939 627 3003 si
658 2939 745 3021 apud
775 2937 1099 3004 Schaarsclrmidtium
1129 2935 1276 3016 legimus,

176 3039 221 3120 (p.
236 3040 308 3116 199)
327 3039 513 3121 ascriptore
531 3039 669 3121 logicum
681 3045 715 3104 et
729 3041 943 3122 ontologicum
957 3057 1015 3104 seu
1028 3036 1277 3120 metaphysicum

176 3155 310 3202 noneus
321 3138 469 3204 confundi
487 3143 521 3204 et
541 3141 733 3221 permisceri,
755 3141 815 3206 hoc
831 3143 872 3207 de
892 3140 990 3223 priori
1011 3138 1068 3203 ills
1087 3144 1190 3221 parte,
1213 3154 1278 3217 qna

177 3240 338 3304 monentis
357 3237 563 3306 difficultates
582 3247 813 3324 proponuntur,
844 3240 1077 3324 quodammodo
1106 3243 1193 3302 recte
1215 3235 1279 3302 dici

175 3342 301 3421 potest3
321 3358 360 3404 ec
380 3342 465 3406 euim
486 3342 558 3424 ipsa
577 3347 628 3408 cst
648 3361 763 3409 caussa
781 3343 908 3407 illarum
931 3341 1161 3423 angustiarum,
1193 3337 1278 3418 quod

175 3440 314 3506 noudum
349 3448 498 3524 separata
528 3448 605 3509 suut
635 3444 698 3508 duo
729 3444 888 3509 non-entis
915 3460 1042 3525 genera,
1075 3439 1183 3507 etita
1203 3433 1279 3504 illas

176 3542 312 3625 scriptor
332 3550 472 3627 superat,
491 3550 529 3610 ut
549 3547 724 3626 utmmquc
744 3546 917 3628 disiungat.
947 3544 996 3608 sin
1016 3548 1124 3609 autem
1143 3538 1277 3606 Schaar·

175 3641 361 3710 schmidtius
383 3645 509 3712 omniuo
531 3645 692 3712 affirmare
717 3647 796 3724 uult,
826 3647 889 3712 duo
910 3663 986 3711 uon·
973 3648 1074 3711 -entia
1095 3660 1154 3727 per
1174 3646 1278 3707 toturn

176 3742 338 3825 dialogum
359 3744 517 3865 contundi,
538 3747 616 3812 satis
637 3748 699 3813 erit
720 3748 749 3812 ci
768 3747 868 3830 ipsius
888 3746 1050 3828 scriptoris
1064 3743 1161 3809 verba
1182 3760 1279 3824 oppo-

176 3843 277 3908 suisse
298 3843 406 3908 2573:
438 3839 566 3910 ὁπόταν
592 3844 633 3912 τὰ
661 3844 705 3932 μὴ
730 3872 769 3914 ον
801 3846 957 3931 λέγωμεν,
988 3837 1035 3922 ὦς
1056 3839 1174 3923 ἔοικεν,
1195 3864 1278 3906 ουκ

177 3939 364 4008 ἐναντίον
382 3967 422 4009 τι
442 3943 578 4030 λέγομεν
598 3950 658 4013 τοῦ
679 3969 787 4030 onoc,
804 3938 887 4010 ἀλλ’
910 3943 1060 4027 ἕτερον
1086 3936 1278 4025 μόνονῧ).

275 4213 323 4282 44)
339 4212 530 4282 Hermann,
547 4214 648 4272 (lorch.
665 4233 693 4271 u
711 4215 784 4285 Syrt
803 4232 831 4284 p.
844 4217 907 4270 605.
943 4212 1068 4270 Stallb.
1088 4211 1173 4283 Sepla
1191 4214 1278 4282 prs.

176 4298 281 4368 aliique
297 4305 363 4369 post
379 4301 454 4357 illos.

276 4388 323 4457 to)
341 4388 721 4458 Schnrrchmidtiur,
744 4409 772 4460 p.
787 4392 852 4444 199:
877 4390 944 4444 ‘Du
968 4387 1095 4459 logisclre
1121 4387 1277 4452 llichtroin,

177 4474 296 4533 welches
322 4477 383 4532 nich
405 4479 525 4534 uurcul
546 4479 593 4534 dio
615 4476 1278 4550 Trmnmgneiarssegriffanedcht-irr
