3000 5070
728 455 767 519 31

198 634 278 702 haec
299 635 404 718 opinio
425 634 541 717 accipit
559 653 577 698 e
595 634 664 698 loco
683 633 875 716 reipublicae
889 638 951 699 478
961 634 996 713 B,
1018 636 1071 701 ubi
1086 637 1217 712 dubium
1229 656 1299 705 csse

199 754 261 801 non
286 740 400 818 potest,
423 736 500 815 quin
521 732 560 798 cr)
583 723 621 798 ὅν
641 733 740 814 ideae,
768 728 949 815 τὸμεταξύ
978 737 1116 802 mundus
1135 739 1297 818 sensibilis,

198 830 237 900 τὸ
259 829 305 920 μή
329 824 369 899 ὅν
390 835 540 901 materies
563 836 614 901 sit.
648 836 717 918 ipsa
738 837 955 901 autemverba
975 838 1165 919 reipublicae
1180 843 1298 921 testam

163 941 166 945 '
198 939 262 1016 tur,
296 936 328 1000 id
356 955 499 1013 non-ens,
534 936 618 1017 quod
648 936 692 1000 ibi
720 935 911 1019 proferatur,
937 937 1021 1002 idem
1052 956 1120 1004 esse
1143 938 1238 1005 alteri
1260 959 1300 1006 ex

199 1036 322 1101 duobus
343 1035 511 1119 Sophistae
538 1037 750 1115 nonentibus,
779 1037 816 1115 ei,
844 1037 927 1115 quod
948 1039 1085 1104 diximus
1107 1038 1299 1105 absolutum.

198 1136 258 1202 hoc
285 1137 360 1216 quia
387 1156 407 1201 a
434 1139 584 1202 non-ente
612 1137 746 1202 relativo
773 1155 835 1201 non
862 1143 1109 1219 separaverunt,
1144 1138 1300 1205 Socberus

199 1254 343 1319 pugnare
371 1238 597 1319 rempublicam
628 1256 700 1302 cnm
725 1236 873 1319 Sophiste
894 1239 1022 1318 putavit
1047 1239 1091 1321 (p.
1112 1239 1197 1320 264),
1220 1238 1299 1306 Gro-

200 1341 272 1403 teus
297 1338 341 1420 (p.
353 1337 459 1419 45111)
481 1337 610 1403 Socben‘
632 1355 771 1404 errorem
792 1339 911 1403 dudum
934 1337 1114 1408 confossum
1135 1341 1301 1406 resuscita·

199 1439 247 1503 111
281 1444 315 1503 et
345 1436 494 1502 defendit.
536 1438 681 1503 Ritterus
714 1442 832 1516 autem,
866 1438 921 1517 qui
950 1437 1106 1521 duplicem
1138 1441 1300 1506 non-entis

202 1524 351 1604 naturam
374 1539 454 1604 bene
474 1539 644 1621 perspexit,
675 1538 831 1619 quomodo
853 1538 1021 1604 relativum
1045 1559 1186 1619 non-ens,
1216 1543 1301 1621 quod

104 1668 107 1673 ·
201 1637 344 1703 idearum
364 1638 582 1704 tantummodo
603 1639 686 1703 inter
714 1656 748 1704 se
769 1637 921 1704 relatione
947 1641 1136 1718 continetur,
1170 1640 1212 1706 ad
1240 1641 1300 1707 rei·

202 1736 346 1821 pnbbcae
365 1737 444 1803 illud
466 1734 603 1821 μεταξύ,
625 1740 647 1802 1.
659 1750 695 1804 ‘e
716 1738 873 1804 mundum
896 1741 1073 1807 sensibilem
1094 1742 1234 1824 potuerit
1253 1760 1302 1808 re·

196 1837 289 1918 ferre,
311 1839 344 1903 id
364 1838 440 1904 mibi
462 1858 525 1905 non
545 1844 635 1922 patet
647 1839 699 1921 ὗ0).

299 1938 473 2018 Postquam
494 1957 557 2004 non
571 1940 673 2005 solum
691 1939 849 2006 nonentis
871 1937 1073 2006 difficultates
1082 1940 1301 2021 lustravimus,

200 2038 374 2104 sedetiam
399 2057 446 2119 ea,
467 2057 549 2120 quae
570 2042 612 2104 ad
633 2041 799 2107 solvendas
827 2040 901 2106 illas
922 2060 942 2105 a
964 2043 1099 2108 Platone
1127 2048 1202 2109 sunt
1230 2061 1302 2125 pro·

200 2138 314 2219 posita,
330 2157 348 2204 e
361 2138 504 2205 doctrina
516 2140 715 2222 degenerum
730 2143 948 2208 communione
961 2142 1185 2224 excerpsimus,
1194 2160 1302 2223 super·

201 2245 260 2320 est,
290 2245 326 2305 ut
355 2241 528 2319 videamus,
563 2243 720 2322 quomodo
748 2243 798 2309 his
825 2243 970 2308 subsidiis
995 2243 1050 2308 illa
1077 2244 1302 2325 impedimenta

199 2341 322 2422 possint
344 2343 507 2408 removeri.
541 2343 754 2423 Meminimus,
775 2343 855 2410 duas
870 2345 932 2409 illic
950 2344 1047 2410 1111111
1059 2345 1301 2426 propositiones,
1363 2375 1365 2378 >

204 2440 273 2504 sine
294 2442 439 2506 examine
460 2448 650 2525 assumptas,
674 2445 822 2524 equibus
844 2463 975 2513 non-ens
995 2443 1180 2525 neque-dici
1200 2462 1303 2526 neque

204 2542 337 2624 cogitari
366 2561 458 2626 posse
485 2545 741 2610 concluderetur:
775 2549 916 2612 ‘non-ens
946 2563 1050 2628 neque
1084 2545 1303 2627 praedicatum

206 2660 310 2724 neque
338 2644 515 2709 subiectum
543 2646 624 2712 entis
652 2649 837 2729 cuiusquam
859 2665 930 2713 esse
951 2645 1062 2729 posse?
1094 2649 1194 2726 patet,
1225 2645 1305 2711 hacc

200 2745 323 2809 nonde
346 2744 480 2811 relativo
502 2746 557 2810 sed
571 2748 794 2814 tantummodo
815 2748 855 2813 de
876 2747 1022 2812 absoluto
1043 2750 1195 2811 non-ente
1212 2761 1305 2826 posse

202 2843 320 2908 valere.
352 2845 437 2909 illud
456 2847 562 2927 igitur,
584 2865 656 2912 cum
679 2867 742 2913 non
762 2847 889 2913 omnino
911 2846 1083 2913 essentiam
1097 2847 1153 2912 sed
1175 2849 1304 2912 tantum

202 2948 323 3009 certam
351 2944 512 3024 quandam
540 2950 573 3010 et
604 2945 847 3013 determinatam
876 2947 1045 3012 essentiam
1066 2947 1170 3028 tollat,
1201 2964 1306 3027 neque

202 3065 222 3110 a
243 3063 388 3112 sermone
409 3063 512 3126 neque
533 3065 553 3110 a
577 3047 769 3129 cogitatione
788 3054 896 3131 potest
916 3048 1063 3130 excludi3
1096 3048 1157 3116 boc
1184 3051 1303 3126 autem,

202 3165 333 3212 nonens
356 3147 546 3228 absolutum,
569 3167 682 3214 revera
700 3167 803 3230 neque
815 3149 993 3232 praedicari
1005 3150 1045 3214 de
1057 3155 1131 3216 ente
1143 3166 1303 3229 quoquam

201 3264 305 3327 neque
334 3248 434 3314 subici
463 3250 491 3313 ei
521 3254 636 3331 potest.
668 3269 731 3333 quo
758 3268 905 3316 concesso
927 3251 1034 3316 nullas
1064 3249 1306 3329 consequentias

202 3348 385 3415 debebimus
408 3351 621 3418 extimescere.
645 3371 715 3418 cum
739 3352 833 3432 enim,
856 3354 894 3416 nt
915 3351 995 3416 alias
1018 3350 1105 3433 apud
1125 3350 1302 3430 Platonem,

204 3450 243 3515 de
264 3449 370 3516 fallaci
388 3452 643 3517 conclusiuncula
664 3453 705 3519 ad
725 3453 894 3519 tentandos
918 3451 1091 3535 legentium
1111 3450 1234 3516 animos
1254 3449 1306 3514 vel

203 3550 245 3616 ad
254 3551 508 3634 perturbandum
523 3554 739 3620 adversarium
752 3554 1018 3637 impudentiorem
1030 3554 1070 3631 11)
1090 3553 1240 3618 instituta
1255 3549 1306 3616 hic

306 3853 355 3922 50)
373 3853 472 3910 Gescln
492 3855 518 3910 d
536 3855 608 3910 Phil.
626 3856 662 3922 II,
681 3857 773 3927 pasl
793 3856 848 3927 (ed.
859 3855 900 3924 I):
923 3853 1025 3910 ί11111111·
1043 3851 1119 3906 kann
1137 3851 1183 3906 die
1200 3850 1307 3907 11111111

208 3941 345 4012 Mainung
363 3961 418 3997 nar
435 3943 562 4012 dadurch
580 3944 687 4000 erkltirt
704 3945 824 4012 werden,
842 3944 907 4000 dass
923 3961 989 3998 man
1006 3941 1136 4007 einsiebt,
1162 3940 1214 3995 vie
1232 3957 1307 3994 11111·

205 4030 265 4085 dae
282 4031 547 4086 Nichtseiende
572 4048 617 4086 an
634 4032 713 4088 11111
739 4032 818 4086 nicht
840 4031 1092 4104 gedacbtwerden
1107 4029 1209 4091 ledunc,
1237 4028 1307 4082 aber

202 4120 275 4175 wohl
300 4120 360 4175 das
382 4119 646 4176 Nichbseiende
670 4121 707 4175 in
724 4121 840 4176 einem
857 4119 1097 4175 Verhbltnisa
1124 4136 1164 4172 au
1189 4116 1307 4172 11111111

205 4207 359 4276 Andern,
387 4214 481 4272 etwas,
509 4226 578 4263 was
607 4209 643 4263 in
670 4210 734 4264 der
754 4210 859 4264 Mitte
882 4208 976 4279 liegt
999 4206 1197 4262 awisohen
1222 4206 1306 4260 dem

204 4296 382 4352 Scienden
399 4297 467 4352 and
484 4297 779 4353 Nichtseienden.
797 4314 858 4367 rep.
869 4297 902 4361 V,
923 4314 950 4366 p.
965 4296 1036 4351 478)

301 4387 348 4456 bl)
359 4386 454 4441 duim
477 4388 520 4441 rei
543 4387 654 4441 illustre
680 4387 838 4457 exemplum
863 4385 971 4456 legitur
990 4383 1093 4455 reipl,
1110 4401 1139 4454 p.
1153 4381 1304 4453 141111,

202 4494 258 4547 qno
286 4478 352 4532 loco
370 4474 546 4533 Steinhartue
574 4481 603 4532 et
621 4475 746 4532 Zellerus
776 4474 912 4545 quaedam
935 4472 1108 4544 sophismata
1130 4471 1307 4543 deprendere
