3000 5070
723 312 784 387 38..

196 496 321 576 phistae
356 495 497 562 doctrina
529 495 619 562 unice
652 513 691 561 ex
723 495 799 577 ipsis
833 494 948 580 dialogi
981 494 1084 562 verbis
1107 493 1293 561 studeamus

197 600 348 663 statuere.

299 702 345 763 Ac
365 698 504 779 primum
525 698 572 763 'ad
594 715 761 764 censuram
782 696 1041 778 philosophorum
1066 701 1150 762 recte
1174 695 1296 760 intelle·

198 798 335 882 gandam
367 802 441 864 ante
471 799 578 864 omnia
608 798 686 867 haec
720 798 881 880 scriptoris
907 797 1003 864 verba
1028 796 1127 879 probe
1159 796 1296 863 tenenda

198 902 281 980 sunt,
304 916 386 980 quae
411 903 485 979 post
505 897 682 964 absolutam
706 897 792 963 illam
820 897 913 964 crisin
940 895 1297 979 massalianos
1345 892 1349 899 “

198 997 307 1062 τοίνυν
336 991 446 1080 πρὸς
474 991 775 1092 ἅπανταςιὴμῖν
801 991 933 1082 ὁλόγος
953 983 982 1086 ᾗ,
1012 993 1089 1074 τούς
1118 991 1295 1061 πώποτε

201 1099 301 1182 περὶ
329 1090 475 1176 ου’σίας
504 1098 569 1163 καὶ
598 1093 745 1164 ὁτιοῦν
772 1097 1100 1183 διαλεχθέντας,
1135 1095 1221 1166 ἔστω
1242 1096 1297 1163 καὶ

200 1194 285 1280 πρὸς
306 1192 447 1277 τούτους
471 1199 710 1282 (Antistheneos
739 1199 826 1281 dicit)
863 1198 917 1263 καὶ
946 1194 1032 1282 νιρὸς
1062 1194 1139 1277 τοὺς
1169 1188 1298 1279 ἄλλους,

201 1294 293 1377 ὅσοις
308 1293 502 1382 ἔμπροσθεν
519 1298 737 1384 διειλέγμεθα,
748 1295 789 1362 τὰ
809 1301 865 1363 νῦν
885 1292 932 1376 ὥς
945 1297 978 1364 ἐν
1000 1292 1157 1385 ἐρωτήσει
1178 1299 1299 1384 λεχθη-

201 1393 333 1493 σόμενα.
364 1400 437 1465 hinc
466 1401 677 1482 consequitur,
711 1419 729 1464 e
759 1401 922 1481 scriptoris
950 1401 1108 1467 sententia
1130 1400 1182 1479 eis,
1217 1418 1300 1480 quae

201 1500 434 1578 antecesserint,
469 1501 607 1566 omnium
640 1501 764 1566 omnino
787 1500 1048 1582 philosophorum
1078 1500 1210 1566 decute
1234 1502 1301 1582 opi-

202 1601 309 1666 niones
345 1618 415 1666 esse
451 1605 613 1666 tractatas,
647 1619 758 1666 verum
792 1602 871 1667 haec
909 1601 1006 1667 verba
1044 1601 1123 1668 adeo
1155 1619 1300 1684 premere

203 1702 263 1766 viri
284 1701 366 1766 docti
394 1719 458 1765 non
479 1707 555 1766 sunt
576 1702 644 1768 ausi
657 1702 707 1781 ⁶⁰),
739 1703 813 1782 qnia
843 1719 945 1782 neque
973 1701 1246 1784 Pythagoreorum
1262 1700 1301 1782 ⁶¹)

204 1819 305 1881 neque
327 1802 539 1884 Anaxagorae
553 1803 592 1884 62)
625 1802 693 1866 ulla
722 1801 781 1868 sibi
800 1800 988 1868 videbantur
1014 1802 1149 1885 vestigia
1171 1802 1300 1883 depren-

203 1902 287 1966 dere.
334 1901 402 1967 Huo
417 1901 536 1968 accedit
548 1903 610 1968 alia
623 1901 802 1982 difficultas,
826 1903 910 1984 quod
928 1903 960 1967 in
972 1903 1031 1969 hoc
1042 1901 1302 1984 philosophorum

204 1999 357 2078 examine,
392 2003 476 2081 quod
505 2006 656 2084 tanquam
687 2004 792 2084 prima
812 2005 963 2070 historiae
983 2003 1244 2085 philosophorum
1266 2001 1302 2065 li·
1392 2028 1397 2039 ·

202 2103 371 2167 usamenta
406 2102 582 2183 celebrant,
622 2103 826 2171 nihilominus
866 2122 1020 2185 quosnam
1058 2103 1189 2184 singulis
1227 2102 1304 2167 locis
1399 2175 1402 2179 .

204 2200 297 2266 Plato
325 2201 419 2285 dicat,
452 2203 622 2269 admodum
645 2204 825 2270 dubitatum
850 2208 883 2269 et
905 2208 1062 2270 certatum
1085 2201 1194 2286 est⁶³).
1216 2203 1305 2283 peior

206 2306 315 2367 autem
335 2301 467 2367 historia
491 2303 708 2386 philosophiae
730 2323 880 2372 essenon
904 2309 1018 2386 potest,
1041 2321 1137 2386 quarn
1159 2321 1242 2384 quae
1262 2303 1307 2368 sia

207 2402 373 2483 describat,
398 2408 435 2467 ut
456 2403 647 2487 descriptum
667 2424 806 2487 nequeas
835 2424 1011 2488 agnoscere.
1046 2424 1110 2486 qua
1137 2407 1169 2470 in
1190 2422 1226 2469 re
1246 2403 1305 2469 im·

206 2503 317 2584 primis
349 2502 395 2568 illi
425 2499 522 2569 εἰδιῖν
544 2504 637 2592 φίλοι
665 2506 848 2591 (248Asq.)
878 2507 1003 2573 diversa
1036 2505 1151 2572 indicia
1185 2505 1307 2586 experti

206 2606 290 2682 sunt,
312 2621 382 2669 oum
405 2604 457 2669 alii
481 2624 500 2669 a
524 2606 658 2671 Platone
679 2605 812 2672 refutari
833 2607 1016 2689 Megaricos,
1041 2606 1094 2671 alii
1114 2605 1306 2686 aMegarico

208 2704 383 2784 Platonem,
418 2706 473 2772 alii
502 2727 522 2773 a
550 2706 682 2774 Platone
704 2708 870 2777 Platonem
901 2708 1088 2790 reprehendi
1118 2705 1307 2773 censuerint.

215 2893 413 2902 ——.-—--———.

310 3007 355 3077 60)
374 2988 457 3062 Velut
475 3009 664 3063 Bonitzius
683 3028 710 3079 p.
724 3012 775 3064 317
794 3009 968 3064 ‘eiueKritik
977 3008 1072 3063 Platon
1084 3008 1155 3062 iiber
1171 3007 1244 3060 fast
1263 3006 1310 3060 die

209 3095 403 3149 s'ammtliohen
429 3096 681 3152 Gruudansiohten’
707 3101 759 3152 eto.
779 3129 810 3136 -
831 3098 986 3152 Grotous
1009 3117 1035 3167 p.
1053 3097 1106 3150 435
1131 3096 1217 3149 verba
1240 3112 1310 3164 quae

211 3182 355 3236 attulimus
374 3183 414 3237 sic
432 3185 569 3254 explicat:
588 3186 676 3240 ‘Plato
695 3204 853 3241 annouucea
871 3186 915 3240 his
932 3185 1081 3248 intention,
1101 3215 1133 3224 —-
1148 3188 1177 3238 to
1197 3182 1310 3238 confuta

212 3270 262 3323 all
279 3270 384 3326 these
413 3272 542 3328 different
560 3274 668 3328 schools
687 3275 718 3329 of
732 3275 868 3338 thinkera,
893 3278 929 3328 to
948 3273 1055 3327 whom
1076 3272 1118 3326 he
1133 3272 1193 3326 has
1211 3271 1309 3326 made

212 3358 377 3413 allusion.

312 3445 357 3514 61)
375 3444 681 3500 Schleiermaoher
698 3464 725 3514 p.
739 3447 782 3501 94.
817 3444 1003 3498 Steinhart
1020 3462 1047 3513 p.
1061 3445 1121 3496 447.
1144 3446 1197 3498 450
1222 3444 1310 3499 ‘allor-

211 3532 293 3602 dings
311 3533 349 3586 ist
364 3533 428 3602 jone
439 3533 725 3604 Zusammenstellung
742 3533 821 3587 nicht
838 3551 909 3603 ganz
922 3531 1109 3600 vollstbndig.’
1135 3531 1312 3586 Susamihl

211 3641 238 3691 p.
253 3624 313 3676 312.
332 3620 488 3692 Stephan
506 3641 534 3691 p.
548 3625 573 3687 2,
593 3623 696 3691 quihio
715 3626 746 3675 ut
764 3621 866 3690 ubique
879 3620 1032 3674 Steiuharti
1050 3619 1174 3690 vestigiis
1191 3621 1313 3691 ingredi·

213 3714 268 3764 tur.
288 3740 321 3749 —
342 3710 446 3764 Contra
471 3709 630 3764 Zellerus
650 3710 695 3780 (Π,
717 3711 768 3762 343
786 3727 814 3762 n.
832 3709 860 3779 2)
879 3708 1070 3778 Pythagoreos
1092 3709 1198 3777 reperit
1218 3711 1269 3763 252
1280 3710 1311 3774 B,

212 3800 262 3853 ubi
279 3803 373 3853 tamen
391 3803 477 3868 πέρας
496 3800 594 3869 ἔχοντα
613 3803 734 3868 στοιχεῖα
752 3796 822 3850 nihil
839 3796 894 3850 nisi
911 3799 1029 3851 ‘certum
1048 3798 1246 3852 elementorum
1265 3818 1314 3852 nu·

211 3888 326 3941 mernm’
345 3886 493 3956 signifieat.

315 3976 361 4045 62)
380 3974 566 4030 Steiuhart
584 3992 611 4042 p.
625 3976 678 4028 450
696 3974 810 4043 eiusque
826 3972 1002 4042 pedisequus.

315 4067 360 4133 63)
378 4064 508 4118 Conferas
527 4063 623 4116 modo:
650 4060 960 4116 Sohleiermaoher
976 4078 1003 4129 p.
1017 4061 1051 4116 93
1064 4077 1103 4128 sq.
1128 4059 1191 4114 Ast
1208 4079 1236 4129 p.
1251 4063 1311 4114 199.

216 4159 277 4210 201.
303 4154 437 4223 Deycks
454 4173 481 4224 p.
496 4155 536 4208 39.
552 4170 591 4221 sq.
619 4151 793 4206 Hermann
812 4168 839 4220 p.
851 4151 903 4202 282
920 4167 948 4203 n.
967 4150 1010 4203 52.
1035 4148 1233 4203 Stallbaum
1251 4151 1314 4217 p.9.

219 4247 260 4298 11.
281 4245 340 4297 178-
363 4243 398 4296 al.
416 4241 552 4311 imprimis
572 4239 753 4294 Steinhart
770 4255 797 4307 p¹
813 4238 874 4291 447.
887 4238 948 4291 449.
966 4239 1025 4290 not.
1039 4237 1153 4289 22-27.
1175 4238 1234 4292 450.
1253 4239 1314 4292 453.

216 4352 243 4388 u.
257 4333 371 4387 36-39.
395 4328 572 4385 Susemihl
590 4348 617 4398 p·
636 4330 696 4382 312.
715 4327 775 4380 298.
803 4325 931 4380 Bonita
950 4343 977 4396 p.
987 4327 1039 4378 317
1053 4343 1080 4379 u.
1098 4326 1141 4381 34.
1160 4326 1314 4382 nos-40.
