3000 5070
607 438 743 499 ·2s

175 620 313 703 scriptor
334 620 425 687 nobis
445 619 590 703 porrigit,
613 622 743 683 ummur
762 618 804 684 ad
817 616 1031 701 profligandas
1045 620 1184 703 primum
1195 638 1272 686 ncn-

176 722 268 801 entis,
291 720 404 786 deinde
422 721 505 785 entis
531 717 745 784 difficultates.
780 724 813 783 et
837 719 883 785 sic
911 736 1019 784 omnes
1041 721 1145 802 operis
1164 726 1273 804 partas

176 822 361 903 singillatim
382 822 518 888 contuiti
536 819 664 886 facilius
680 820 745 885 iam
757 825 855 900 atque
871 821 988 886 certius
1001 822 1181 902 quaesitum
1192 821 1274 888 illud

176 922 345 1006 Sophistae
367 922 530 989 consilium
551 922 725 1004 poterimus
749 925 902 987 statuere.
934 922 1018 1002 quod
1044 924 1181 988 assecuti
1202 927 1273 988 tan·

172 1042 308 1106 quame
333 1042 455 1089 summo
476 1024 594 1088 montis
613 1021 743 1102 fastigio
764 1023 904 1086 omniurn
931 1023 1060 1102 circum,
1088 1040 1171 1103 quae
1198 1029 1275 1089 ante

172 1125 422 1208 peragravimus
442 1142 592 1189 arvorum
620 1123 716 1187 situm
747 1139 928 1202 nexumque
954 1121 1040 1188 haud
1062 1124 1130 1190 sine
1149 1123 1275 1190 laetitia

173 1245 237 1291 uno
255 1226 419 1291 oculorum
440 1224 555 1290 obtutu
575 1221 781 1289 lustrabimus
802 1228 836 1287 et
858 1224 985 1304 singula
1004 1225 1110 1290 omnia
1131 1226 1207 1307 quid
1227 1223 1274 1290 fa·

173 1327 259 1392 ciant
270 1327 312 1391 ad
324 1345 422 1391 unum
431 1324 511 1390 illud
525 1326 710 1390 universum
722 1323 888 1389 consilium
903 1324 1141 1406 exprimendum
1151 1325 1275 1408 plenius

172 1427 381 1509 ampliusque,
404 1442 577 1508 speramus
600 1441 697 1503 quam
718 1423 821 1489 adhue
843 1421 965 1489 factum
986 1427 1044 1503 est,
1059 1443 1272 1506 assequemur.
1393 1434 1396 1438 ’

174 1525 237 1592 Sed
257 1526 386 1590 interim
414 1542 472 1607 per
499 1524 632 1589 dumeta
652 1542 690 1588 ac
709 1522 843 1605 paludes
863 1523 1064 1590 ascendimus
1084 1529 1274 1590 tractamus·

174 1643 236 1706 que
256 1625 395 1707 primum
415 1626 537 1690 ratione
559 1625 723 1708 proposita
743 1617 781 1687 τὸ
802 1616 848 1706 μὴ
870 1612 917 1687 dv.

273 1724 343 1790 Duo
364 1730 447 1804 sunt,
470 1744 552 1808 quae
574 1727 723 1792 Eleatem
743 1725 783 1791 de
808 1727 940 1791 victoria
961 1725 1190 1809 triumphoque
1210 1727 1275 1790 iam

172 1843 319 1891 securum
349 1825 504 1907 (235BO)
529 1827 634 1892 subito
665 1826 811 1892 maximis
842 1825 1091 1892 dubitationibus
1119 1826 1274 1906 irretiant,

171 1926 415 2010 primumquod
439 1928 591 2011 sophista,
614 1928 681 1993 sive
704 1928 745 1992 ad
767 1920 954 2011 εἰκαστικήν
982 1927 1123 2008 pertinet
1146 1928 1212 1993 sive
1233 1928 1275 1992 ad

173 2022 392 2113 φανταστικὴν
402 2027 453 2109 ⁴²),
476 2029 601 2092 omnino
616 2028 727 2108 nequit
742 2027 882 2108 reperiri,
900 2027 958 2092 nisi
979 2033 1028 2093 est
1043 2026 1274 2108 quodammodo

173 2146 315 2206 non-ens,
341 2128 455 2193 deinde
478 2128 562 2209 quod
582 2146 717 2193 non-ens
738 2145 809 2193 esse
830 2146 924 2210 posse
938 2146 1041 2209 neque
1056 2128 1275 2193 aParmenide

173 2227 362 2306 conceditur,
387 2246 489 2309 neque
510 2229 579 2310 ipsa
600 2229 646 2293 rei
667 2227 790 2293 ratione
804 2231 947 2293 statuere
960 2227 1034 2294 licet
1047 2227 1181 2311 (237Β).
1202 2228 1276 2295 huic

174 2328 291 2412 duplici
312 2329 441 2410 aporiae
463 2334 610 2394 accurate
630 2329 799 2412 respondet
820 2347 867 2409 ea,
893 2347 976 2410 quae
997 2329 1111 2394 deinde
1131 2329 1276 2409 sequitur

175 2433 395 2510 aporematum
425 2431 584 2495 non-entis
612 2430 774 2513 expositio,
809 2430 869 2494 nisi
900 2429 985 2510 quod
1014 2433 1160 2495 mutatu
1188 2429 1275 2494 crdo.

173 2529 310 2611 primum
332 2530 416 2594 enim
441 2529 685 2609 demonstratur,
719 2548 861 2607 non-ens,
889 2529 1039 2611 quoniam
1061 2547 1165 2609 neque
1184 2545 1275 2612 prae·

172 2629 312 2695 dicatum
336 2646 438 2709 neque
458 2629 635 2695 subiectum
659 2649 731 2696 esse
759 2630 859 2713 possit
889 2631 1076 2711 cuiusquam
1104 2629 1159 2709 rei,
1193 2647 1276 2711 quse

172 2730 250 2807 sit,
272 2734 442 2811 utramque
465 2730 505 2795 ob
529 2749 793 2811 caussamneque
812 2731 995 2796 indicendo
1017 2731 1171 2811 usquein
1191 2731 1275 2811 cogi·

173 2830 271 2895 tando
293 2848 385 2913 posse
406 2830 510 2896 locum
534 2831 653 2897 habere
675 2831 862 2911 (237B-E,
885 2835 947 2896 238
956 2832 1086 2913 A—D);
1110 2850 1172 2913 quo
1189 2850 1275 2897 acce·

173 2930 228 3009 dit,
266 2929 351 3010 quod
381 2931 477 2996 etiam
509 2931 545 3010 is,
579 2932 636 3014 qui
666 2932 746 2998 haec
768 2933 839 3013 ipsa
866 2931 1073 3012 demonstret,
1103 2932 1275 2998 earundem

173 3032 454 3098 contradictionum
482 3037 614 3114 cogatur
649 3053 719 3101 esse
738 3036 898 3118 particeps
919 3033 1199 3117 (238D-2ssc);
1220 3033 1274 3098 de

172 3131 247 3197 inde
275 3131 355 3198 haec
383 3132 425 3198 ed
454 3133 673 3213 quaestionem
703 3136 743 3201 de
771 3134 914 3215 sophista
936 3133 1133 3216 propositam
1150 3134 1198 3200 ita
1219 3132 1274 3196 ad·

173 3232 330 3312 hibentur,
352 3238 391 3298 ut
410 3238 589 3317 exponatur
608 3235 765 3315 quomodo
786 3235 938 3317 sophista,
961 3236 1028 3301 sive
1045 3234 1138 3299 illum
1157 3234 1276 3300 dixeris

174 3325 351 3398 εἰδώλου
373 3334 571 3400 artificem
592 3335 857 3419 (assu-2400)
882 3335 948 3401 sive
964 3327 1276 3416 uaidoopfabr'i·

174 3437 358 3498 calorem
382 3435 661 3519 (2401)-241Α),
684 3436 877 3517 quaestionis
910 3434 1096 3501 difficultate
1126 3436 1168 3500 ad
1197 3433 1274 3500 effu-

173 3533 322 3616 giendum
335 3536 434 3619 possit
448 3536 559 3620 uti⁴³).
582 3535 629 3603 he
641 3538 817 3621 posteriora
843 3537 922 3606 haec
942 3538 983 3602 de
1005 3536 1154 3620 sophista,
1176 3553 1274 3618 quon-

273 3855 321 3922 42)
341 3852 464 3920 Quarum
487 3855 524 3909 ad
552 3861 644 3912 utrum
662 3857 827 3912 referendus
846 3859 883 3912 sit
900 3858 930 3912 in
947 3857 1036 3912 dnbio
1052 3859 1148 3911 manet
1171 3856 1273 3925 (asch.

174 3940 272 4008 2369:
289 3936 305 3995 ὃ
324 3941 359 3996 δέ
375 3959 408 4011 γε
424 3947 469 3995 κα)
486 3938 542 3997 τότ’
562 3940 752 4016 ἠμφεγνόουν,
770 3947 801 4000 ἐν
825 3950 928 4017 ποτέρᾳ
944 3943 996 4000 τὸν
1013 3941 1151 4017 σοφιστὴν
1167 3948 1276 4010 θετέον,

176 4025 241 4084 οὐδὲ
266 4032 317 4084 νῦν
339 4049 384 4082 πω
406 4025 529 4101 δύναμαι
547 4027 708 4085 θεάσασθαι
726 4034 836 4105 σαφῶς)
854 4051 941 4102 usqne
959 4033 995 4087 ad
1014 4035 1068 4087 264
1078 4033 1107 4097 0,
1127 4033 1176 4087 ubi
1193 4031 1275 4085 finita

174 4120 237 4171 tota
253 4118 305 4172 hac
324 4117 416 4172 media
435 4124 517 4188 parte
535 4119 572 4173 ad
589 4119 745 4189 sophistam
763 4121 968 4191 divisionesque
984 4121 1085 4191 hospes
1105 4120 1275 4191 regreditur.

275 4206 322 4272 43)
339 4205 423 4259 Falso
442 4206 511 4262 haec
536 4213 705 4261 enarrantur
733 4209 808 4279 apud
828 4209 1043 4276 Bonitaium,
1072 4209 1122 4278 qui
1150 4208 1274 4278 priorem

175 4296 370 4363 aporematum
388 4297 499 4362 partem
516 4299 665 4363 postquam
683 4299 762 4350 recte
779 4297 878 4351 retulit
896 4296 933 4365 (ll
945 4297 978 4363 A,
993 4300 1017 4349 1.
1036 4314 1063 4366 p.
1077 4298 1149 4365 291),
1180 4295 1274 4349 subito

174 4381 244 4436 haec
261 4381 354 4436 omnia
371 4383 432 4435 tum
449 4382 562 4436 demum
582 4384 612 4436 in
630 4383 786 4453 sophistam
804 4384 905 4439 eadere
923 4389 1014 4454 putat,
1041 4385 1067 4440 si
1091 4385 1144 4438 sub
1170 4400 1274 4455 φαντα·

176 4471 253 4542 artai
264 4475 415 4540 quaeratur
431 4470 530 4540 (usque
550 4472 587 4527 od
602 4471 725 4526 mediam
743 4472 922 4542 mutantium,
940 4489 1011 4543 qnae
1031 4471 1137 4543 legitur
1154 4468 1268 4538 289D);
