3000 5070
726 353 767 416 40

198 552 261 601 nou
288 535 391 602 solum
414 534 561 600 videatur
587 538 666 615 quot
687 533 807 600 luerint
851 531 955 600 adhuc
975 531 1231 614 philosophorum
1263 533 1303 600 de

198 651 305 700 rerum
328 634 479 715 principio
501 633 556 699 sed
579 639 657 715 quot
681 637 806 701 omuino
828 653 897 702 esse
918 634 1043 717 possint
1065 632 1301 715 sententiaelll.

298 733 534 799 Meminerimus
549 736 715 801 divisiones
729 735 813 814 illas,
834 735 951 816 quibus
972 733 1115 815 sophista
1129 734 1301 815 quaeritur.
1391 800 1393 803 ,

198 852 391 916 quamquam
413 834 446 898 in
468 834 551 901 vitiis
574 853 684 901 carum
706 834 926 901 enumerandis
941 834 1033 900 multi
1050 833 1176 914 fuimus,
1193 837 1301 900 tamen

198 936 377 1001 universam
400 952 509 1000 eorum
532 955 678 1003 caussam
700 937 838 1002 noudum
859 937 1053 1019 aperuimus.
1081 953 1164 1015 quae
1186 951 1251 1000 nou
1270 935 1302 1000 in

198 1035 406 1103 dichotomiae
434 1036 582 1103 methodo
608 1037 664 1103 sed
694 1038 725 1102 in
746 1036 829 1103 lalso
856 1037 927 1103 eius
952 1054 1013 1102 usu
1037 1037 1218 1116 quaerenda
1242 1039 1299 1101 cst.

198 1157 270 1204 cum
304 1137 386 1202 enim
417 1139 504 1204 notio
533 1143 604 1204 tum
631 1138 758 1204 demum
793 1141 877 1205 recte
910 1137 1065 1219 pleneque
1095 1135 1242 1217 findatur,
1275 1138 1302 1204 si

197 1236 340 1305 membra
351 1237 517 1304 dividendo
532 1241 639 1305 creata
650 1243 752 1304 totum
767 1239 851 1305 illius
864 1238 1020 1304 ambitum
1041 1238 1198 1320 expleant,
1210 1239 1302 1304 unice

198 1340 394 1422 biparticndo
416 1338 476 1405 hoc
499 1341 677 1422 assequeris
706 1342 733 1406 si
754 1340 941 1422 principium
964 1339 1186 1421 progrediendi
1206 1358 1300 1423 nega·

198 1442 316 1508 tionem
339 1439 458 1507 faciens
479 1442 540 1507 duo
562 1442 721 1508 divisionis
750 1441 891 1508 membra
913 1439 1154 1507 contradictorie
1175 1458 1300 1521 semper

199 1558 345 1624 oppones.
370 1560 408 1606 ea
430 1542 512 1606 enim
538 1543 664 1608 demum
686 1542 885 1622 dichotomia,
918 1541 1006 1608 cuius
1035 1539 1137 1607 altero
1160 1541 1300 1607 membro

200 1643 326 1710 invento
347 1643 485 1708 alterum
506 1643 591 1710 illius
612 1644 781 1725 negatione
810 1641 976 1722 efficiatur,
1006 1660 1077 1708 cum
1097 1642 1178 1707 illud
1207 1630 1244 1706 ὅν
1270 1647 1303 1708 et
1369 1682 1372 1686 -

199 1745 257 1809 hoc
270 1739 315 1827 μὴ
337 1732 375 1807 ὅν
397 1760 465 1808 sese
485 1744 618 1810 invicem
641 1743 840 1812 excludentia
862 1760 991 1824 semper
1006 1746 1181 1808 maternam
1202 1742 1302 1808 notio·
1373 1766 1376 1771 ¹

198 1861 271 1908 nem
304 1847 529 1922 consumment,
563 1844 639 1925 quin
671 1843 754 1910 falsa
786 1843 828 1909 sit
854 1841 923 1908 fieri
953 1860 1016 1908 non
1044 1846 1171 1937 potest„
1193 1847 1301 1907 utrum

201 1943 314 2008 melius
328 1942 378 2021 sit,
402 1943 434 2007 in
446 1943 564 2010 talibus
578 1943 821 2023 definitionibus,
845 1945 948 2026 qualis
968 1949 1019 2010 est
1032 1943 1200 2026 sophistae,
1221 1943 1304 2009 hanc

200 2042 350 2109 adhibere
381 2045 495 2127 legem,
533 2044 713 2110 habituram
748 2062 824 2111 sane
855 2043 993 2109 multum
1027 2043 1222 2125 incommodi,
1261 2063 1302 2110 an

200 2144 348 2210 omittere
371 2145 497 2210 omnino
518 2144 707 2227 biparticndi
729 2144 923 2224 methodum,
945 2163 964 2208 a
986 2162 1049 2226 qua
1072 2149 1121 2208 est
1142 2146 1302 2226 insepara-

199 2243 279 2322 bilis,
301 2244 351 2308 hic
380 2262 443 2310 non
464 2245 637 2325 quaeritur.
670 2264 727 2311 nec
754 2245 923 2310 decernere
953 2244 1117 2324 audemus,
1146 2246 1303 2324 quatenus

200 2345 295 2411 huius
320 2363 415 2410 verae
435 2346 564 2412 rationis
583 2347 641 2413 sibi
663 2347 803 2412 conscius
828 2345 924 2411 luerit
945 2344 1047 2423 Plato,
1072 2362 1142 2409 cum
1164 2344 1217 2423 eis,
1249 2345 1304 2425 qui

201 2446 271 2528 μετ’
287 2438 467 2531 &mancipas
477 2447 598 2512 vellent
611 2440 664 2511 διὰ
678 2448 744 2510 τῶν
757 2439 864 2530 λόγων
874 2439 1082 2530 πορεύεσθαι
1096 2444 1305 2512 adhibendum

201 2544 235 2611 ἐν
257 2548 329 2621 ταῖς
352 2544 528 2630 διαιρέσεσι
546 2553 698 2628 tanquam
712 2548 770 2632 τῆς
786 2544 976 2629 διαιρέσεως
995 2539 1100 2610 αἴσιον
1114 2545 1305 2629 significaret

200 2640 238 2712 τὸ
261 2640 406 2729 θάτερον
436 2648 503 2713 sive
533 2641 571 2711 τὸ
600 2642 643 2732 μὴ
671 2636 708 2711 ὅν
729 2646 893 2730 (253ΒΟ).
938 2645 1030 2713 Certe
1053 2664 1128 2712 vero
1158 2646 1235 2712 haec
1258 2647 1303 2712 bi·

200 2747 358 2830 partiendi
379 2749 498 2831 regula,
522 2766 605 2829 quae
627 2747 720 2816 facile
750 2749 778 2815 ei
799 2766 833 2814 se
854 2747 953 2828 offert,
975 2748 1029 2829 qui
1049 2746 1174 2830 longius
1197 2767 1303 2814 secum

201 2852 330 2930 reputet
353 2850 529 2930 expositam
551 2848 639 2915 illam
662 2869 681 2914 a
703 2850 838 2915 Platone
867 2849 1027 2915 non-entis
1058 2867 1121 2915 non
1148 2847 1225 2913 nihil
1248 2848 1304 2935 sed

202 2949 286 3014 aliud
312 2948 517 3032 significantis
533 2949 678 3030 indolem,
702 2951 815 3014 melius
830 2949 985 3015 illustrari
998 2967 1060 3015 non
1073 2953 1185 3031 potest,
1208 2966 1304 3030 quam

202 3047 352 3114 methodo
381 3049 438 3115 illa
457 3050 489 3114 in
511 3049 684 3116 dividendis
707 3049 964 3132 philosophorum
987 3049 1028 3115 de
1051 3053 1122 3115 ente
1143 3048 1305 3116 sententiis

203 3169 223 3215 a
244 3148 397 3232 scriptore
419 3149 569 3216 adhibita.

303 3249 499 3330 Quicumque
527 3251 567 3318 dc
598 3257 671 3318 ente
691 3251 841 3316 dixerunt
864 3254 896 3315 et
921 3249 1048 3314 omnino
1072 3249 1175 3315 dicere
1195 3253 1304 3330 potue·

203 3353 287 3429 runt,
322 3355 444 3417 certum
473 3354 592 3418 entium
621 3371 786 3418 numerum
812 3357 870 3417 aut
899 3348 1107 3416 definiverunt
1129 3347 1304 3433 (διακριβο-

203 3443 408 3533 λσγοὺμενσι)
431 3455 488 3518 ant
509 3471 572 3517 non
593 3452 802 3519 definiverunt
831 3439 954 3532 (dreng
976 3446 1132 3533 λέγοντες,
1164 3450 1307 3514 aliter

204 3553 301 3631 atque
328 3550 382 3631 illi,
413 3551 433 3617 i.
456 3570 483 3616 e.
512 3553 589 3618 certi
611 3553 734 3617 numeri
755 3552 877 3617 ratione
898 3567 960 3614 nou
982 3547 1102 3628 habita,
1125 3566 1192 3613 rcm
1212 3567 1306 3630 pera·

203 3654 314 3733 gentes
326 3650 389 3735 llll.
422 3656 632 3735 quatenus
655 3652 694 3718 de
714 3655 800 3718 certo
818 3668 950 3718 numero
973 3651 1094 3716 entium
1108 3648 1304 3731 quaesivere,

303 3939 347 4007 65)
366 3938 436 4009 Ipsis
455 3938 547 3993 vorbis
567 3939 681 4001 utimur,
698 3936 798 4006 quibus
817 3935 966 3992 Carneadis
993 3942 1022 3991 et
1041 3935 1182 3998 Antiochi,
1200 3934 1305 3989 Acade·

204 4027 348 4090 micorum,
368 4027 511 4080 dividendi
528 4026 600 4080 ratio
618 4043 634 4079 a
652 4025 784 4080 Cicerone
804 4023 851 4095 (de
866 4024 914 4078 fin.
927 4026 992 4079 bon.
1004 4023 1037 4089 V,
1057 4027 1082 4087 6,
1105 4023 1147 4093 16)
1165 4023 1304 4077 laudatur.

303 4113 348 4182 66)
366 4115 419 4168 245
427 4114 460 4168 Ε.
496 4112 581 4168 Vides
599 4113 735 4168 voeabula
752 4114 939 4175 vexatissima
962 4113 1015 4168 hoc
1032 4112 1178 4167 divisionis
1203 4112 1306 4181 princi·

100 4226 109 4240 -·
204 4201 251 4269 pio
268 4200 390 4270 cognita
415 4219 498 4270 quam
525 4202 677 4271 simplicem
695 4202 753 4255 vim
775 4219 842 4272 prae
867 4219 895 4255 se
913 4200 1012 4255 forant.
1040 4217 1209 4270 quamquam
1234 4199 1305 4255 hane

206 4289 317 4358 quidem
336 4290 375 4344 eis
392 4290 577 4345 restituerunt
599 4291 655 4345 iam
673 4290 778 4360 partim
796 4290 977 4344 Zellerus
1001 4289 1047 4359 (II,
1067 4290 1115 4342 181
1136 4286 1174 4356 n.)
1200 4286 1303 4357 partim

204 4377 391 4432 Bouitzius
418 4378 454 4448 (p.
468 4379 521 4431 294
539 4397 565 4431 n.
587 4379 623 4450 7),
644 4383 841 4448 praeterquam
862 4377 937 4447 quod
953 4378 1008 4431 τῶν
1026 4376 1136 4430 πολλῶν
1153 4380 1217 4446 πέρι
1235 4373 1305 4431 falso
