3000 5070
732 386 774 449 37

204 571 271 632 tem
284 565 344 632 hoc
363 568 432 633 loco
453 569 555 634 lucem
575 568 679 634 minus
701 567 821 633 claram
841 586 914 634 cnm
929 567 1025 634 vellet
1044 583 1224 649 emungere,
1248 582 1302 631 ex·

205 666 363 735 stinxisse

303 1071 398 1149 Satis,
426 1074 465 1134 ut
486 1067 621 1149 videtur,
649 1085 781 1134 non-ens
808 1069 1077 1150 pertractavimus
1107 1088 1166 1135 nec
1194 1074 1303 1137 brnen

203 1171 270 1236 fere
295 1171 395 1237 ullam
424 1169 578 1236 rationem
601 1170 768 1236 habuimus
790 1188 909 1248 eornm,
938 1188 1021 1251 quae
1040 1172 1200 1237 mouentia
1219 1170 1303 1237 diffi-

202 1271 373 1338 cultatrbus
407 1273 640 1338 circumventus
674 1272 813 1339 subsidio
846 1272 981 1353 scriptor
1003 1278 1105 1338 vocat.
1141 1272 1225 1339 unde
1246 1291 1302 1355 ap·

202 1377 304 1453 paret,
324 1391 384 1440 sua
406 1391 518 1438 caussa
538 1372 689 1454 expromi,
712 1390 795 1452 quae
812 1371 937 1438 decute
950 1371 1168 1454 disputentur3
1191 1391 1301 1454 quam·
1388 1444 1393 1451 ,

202 1493 298 1555 quam
319 1475 403 1540 enim
425 1493 464 1540 ea
485 1479 568 1553 sunt,
599 1492 683 1555 quae
705 1492 814 1540 omnes
836 1475 1054 1557 philosophiae
1075 1481 1184 1556 partes
1205 1475 1302 1542 collu-

200 1579 305 1640 strent
326 1579 558 1658 proptereaque
579 1574 666 1641 haud
687 1576 834 1658 exiguam
854 1575 962 1667 ¹luceru
983 1575 1141 1642 non-entis
1163 1576 1304 1643 tenebris

202 1675 376 1756 affundent,
409 1680 525 1756 tamen,
559 1676 645 1757 quod
678 1676 719 1740 ad
750 1674 829 1741 illud
862 1678 964 1742 solum
992 1676 1118 1754 attinet,
1152 1679 1303 1758 poterant

201 1778 374 1843 maximam
402 1779 528 1857 partem
555 1776 668 1842 omitti
712 1775 854 1853 Quodsi
878 1795 989 1841 verum
1010 1781 1068 1856 est,
1090 1777 1244 1859 sequitur,
1266 1782 1303 1844 ut

201 1882 258 1945 aut
294 1877 440 1944 abdicere
470 1894 622 1957 cogamur
651 1897 671 1942 a
700 1877 848 1960 Sophista
873 1897 944 1944 eam
970 1877 1203 1960 perlectionem,
1238 1898 1303 1961 qna

200 1996 295 2044 verae
316 1977 396 2042 artis
417 1996 514 2059 opera
536 1996 577 2042 ex
599 1998 662 2045 uno
683 1981 811 2045 consssio
833 1980 873 2046 ad
903 1981 1047 2046 strictam
1070 1979 1209 2044 omniurn
1228 1999 1301 2062 par·

200 2083 280 2147 tium
301 2081 522 2146 necessitatem
544 2085 739 2161 excrescant,
770 2086 827 2147 aut
855 2082 953 2147 altius
981 2080 1151 2147 debeamus
1172 2081 1300 2147 descen·
1346 2163 1350 2172 Ι

200 2185 284 2262 dere,
306 2199 343 2247 eo
368 2184 405 2246 ut
424 2180 658 2263 perveniamus
693 2181 778 2247 unde
805 2183 966 2247 non-eutis
989 2188 1023 2248 ct
1043 2183 1125 2247 entis
1146 2181 1302 2262 simulque

199 2287 301 2369 partis
322 2283 487 2349 exterioris
508 2283 550 2349 ad
570 2283 664 2350 unius
685 2286 788 2366 operis
812 2285 1076 2367 temperationem
1095 2284 1303 2366 intellegatur

200 2383 394 2465 compositio.
426 2382 489 2448 huc
515 2401 590 2448 vero
616 2385 684 2452 fore
713 2391 751 2450 ut
781 2386 977 2453 deducamur
1006 2385 1148 2467 diligenti
1179 2401 1299 2462 eorum,

200 2502 283 2567 quae
303 2482 343 2549 de
364 2487 437 2548 ente
457 2481 661 2566 disserantur,
685 2486 947 2570 contemplatione
969 2504 1007 2553 eo
1025 2487 1128 2552 maior
1147 2502 1220 2566 spes
1242 2488 1300 2562 est,

200 2603 263 2666 quo
290 2584 388 2650 altius
414 2584 539 2665 reliqua
567 2587 673 2653 omnia
695 2605 715 2652 a
736 2587 825 2653 nobis
846 2592 988 2654 mactata
1016 2588 1146 2653 illorum
1167 2602 1299 2666 exsupe

199 2690 311 2751 rentur
331 2683 444 2767 grandi
463 2684 628 2767 dignitate.

297 2785 381 2863 Quid
408 2789 459 2851 est
486 2783 524 2848 cd
548 2775 609 2850 u’u‘v?
642 2787 718 2867 quid
747 2791 797 2852 est
816 2787 907 2868 illud,
935 2787 1021 2869 quod
1042 2787 1074 2851 in
1094 2803 1203 2852 rerum
1222 2785 1302 2869 fuga

199 2885 258 2951 sibi
281 2890 412 2965 constet,
436 2887 521 2967 quod
542 2890 575 2952 in
599 2907 719 2966 corum,
748 2907 832 2970 quae
852 2890 1004 2966 videmus
1035 2891 1126 2954 motu
1147 2891 1300 2970 perpetuo

198 2986 281 3052 idem
303 3004 429 3067 semper
450 3005 581 3054 manens
601 2993 768 3056 aeternum
788 2991 851 3056 illis
870 2989 1112 3056 fundamentum
1135 2988 1187 3068 sit,
1216 2988 1300 3054 uude

198 3088 380 3170 gignantur,
413 3106 476 3168 quo
499 3089 653 3156 redeant?
687 3090 765 3157 haec
795 3092 936 3158 omnium
961 3089 1181 3174 philosophiae
1201 3107 1296 3170 quae-

198 3188 337 3254 stionum
353 3189 539 3270 gravissima
552 3192 676 3258 duabus
688 3193 835 3272 partibus
852 3196 1020 3271 tractatur,
1042 3208 1178 3272 quarum
1202 3189 1300 3271 priori

198 3286 289 3370 (ΠΒ)
318 3294 488 3370 postquam
517 3293 614 3358 variis
642 3292 901 3375 philosophorum
927 3293 968 3359 de
995 3297 1068 3356 ente
1101 3289 1299 3371 opinionibus

197 3388 343 3454 lustratis
362 3388 395 3452 in
417 3409 559 3457 summas
582 3390 785 3458 difficultates
806 3393 977 3458 deventum
999 3395 1059 3470 est,
1084 3390 1186 3456 altera
1206 3393 1299 3471 parte

197 3487 287 3571 (Πο)
307 3507 346 3553 ea
364 3490 534 3570 adduntur,
557 3492 671 3574 quibus
695 3493 867 3559 secundum
888 3491 1049 3573 scriptoris
1063 3490 1160 3556 verba
1174 3487 1298 3573 (250E)

197 3590 337 3655 omnium
364 3590 519 3656 nodorum
546 3593 770 3660 resolutionem
792 3593 1034 3676 exspectaveris.
1086 3591 1296 3673 Quapropter,

196 3690 278 3756 sicut
291 3689 324 3754 in
339 3692 499 3759 non-entis
509 3694 776 3777 pervestigatione
797 3693 936 3774 fedmus,
959 3692 1010 3758 hic
1023 3710 1148 3774 quoque
1160 3691 1297 3773 primum

196 3794 367 3870 utramque
395 3797 520 3873 partem
548 3813 606 3876 per
634 3813 678 3872 se,
711 3795 824 3860 deinde
852 3813 934 3877 quae
960 3794 1042 3858 ratio
1065 3794 1149 3858 inter
1170 3809 1225 3857 eas
1245 3790 1295 3870 sit

196 3890 475 3958 wasiderabimus.
508 3893 550 3958 Et
580 3896 729 3975 quoniam
755 3895 834 3961 baec
864 3894 980 3976 dialogi
1004 3913 1080 3976 pars
1108 3911 1171 3958 non
1193 3891 1296 3958 solum

197 4010 339 4058 summas
362 4008 558 4058 summorum
581 3995 722 4061 virorum
737 3994 849 4060 laudes
871 3996 1101 4061 verumetiam
1123 3993 1296 4058 multorum

198 4110 268 4158 cum
287 4091 371 4158 alias
391 4092 598 4174 gravissimas
617 4096 876 4179 reprehensiones
891 4102 1025 4178 experta
1050 4098 1108 4172 est,
1135 4097 1205 4158 tum
1225 4092 1297 4158 doc·

195 4191 298 4256 trinae
320 4211 340 4257 a
359 4192 493 4260 Platone
520 4196 645 4261 alienae
665 4196 762 4263 variis
785 4196 888 4262 modis
910 4203 959 4262 est
979 4198 1138 4272 amusata
1163 4193 1208 4259 sic
1230 4209 1297 4256 rem

198 4309 295 4373 agere
315 4292 406 4358 nobis
427 4296 625 4376 propositum
648 4303 707 4374 est,
731 4298 822 4363 utin
851 4297 1014 4379 proximis,
1046 4294 1185 4378 seposita
1212 4290 1297 4357 omni

197 4409 304 4458 rerum
325 4392 563 4464 Platonicamm
585 4399 746 4478 memoria,
768 4399 905 4482 primum
926 4415 1010 4479 quae
1026 4397 1156 4464 tandem
1179 4393 1223 4460 sit
1240 4392 1295 4458 So-
