3000 5070
701 453 738 513 71

166 635 279 714 inquit,
303 631 516 716 διορίσασθαι
535 632 660 718 σαφῶς,
680 629 714 693 τί
735 636 811 693 ποτ’
836 625 936 711 ἔστιν,
958 621 998 695 οὗ
1021 627 1159 715 σμικρὸν
1186 625 1264 699 οὐδὲ

164 727 277 819 ῥᾴδιον
298 727 401 816 ἔργον.
446 731 540 796 Ultro
570 731 662 796 offert
692 747 774 810 quae
797 730 961 811 postrdata
982 747 1046 795 non
1075 737 1157 797 sunt.
1201 732 1264 800 Sed

163 833 240 915 quid
262 833 449 898 audiemus?
473 829 677 915 dwaqaoe‘roc
701 829 736 914 γε’
755 852 855 916 φησιν
877 822 995 906 ἱκανῶς
1015 829 1068 895 καὶ
1086 825 1145 896 οὐκ
1162 824 1263 917 α’μνη-

163 937 292 1015 poesia:
313 935 467 999 meditata
488 951 563 1016 ergo
585 939 618 998 et
637 932 806 997 memoriae
828 925 948 995 dudum
964 931 1114 998 mandata
1128 939 1264 1014 promet.

164 1052 267 1100 nonne
287 1035 436 1116 proiecto,
460 1039 497 1098 ut
520 1033 657 1098 Groteus
675 1039 769 1114 putat
783 1034 846 1113 133),
868 1034 972 1097 omnia
992 1034 1056 1098 iam
1070 1040 1264 1116 praeparata

163 1153 271 1201 secum
302 1137 394 1217 gerit,
428 1154 510 1216 quae
536 1135 595 1199 hoc
626 1135 752 1215 dialogo
775 1135 998 1215 exponuntur?
1033 1136 1212 1215 quicunque
1230 1137 1262 1200 in

164 1234 224 1301 hoc
244 1253 339 1317 opere
354 1235 489 1301 formam
509 1234 696 1314 dialogicam
716 1234 837 1299 nullius
860 1252 929 1299 esse
947 1236 1099 1299 momenti
1114 1253 1264 1301 censuere

165 1371 205 1380 -·
226 1339 302 1401 sunt
324 1342 431 1402 autem
453 1355 529 1402 sane
552 1337 643 1401 multi
669 1372 704 1380 -
723 1354 777 1400 cos
800 1355 909 1401 omnes
932 1336 1071 1401 eiusdem
1090 1337 1175 1401 illius
1193 1354 1263 1401 sen·

162 1438 282 1502 tentiae
317 1456 431 1502 accuso
462 1438 628 1502 absurdae.
672 1436 844 1515 absurdae,
879 1435 954 1516 quia
985 1437 1159 1501 secundnm
1190 1455 1263 1502 eam

162 1537 292 1602 Eleates
312 1538 499 1602 meditatam
522 1535 679 1619 proferret
698 1542 923 1618 acceptamque
946 1537 985 1601 ab
1001 1536 1121 1601 Eleatis
1134 1536 1263 1602 Eleata-

161 1656 233 1701 rum
254 1637 494 1719 refutationem
526 1638 691 1716 absurdae,
723 1639 798 1718 quia
818 1638 854 1714 is,
878 1639 932 1717 qui
953 1637 1033 1702 nihil
1055 1639 1115 1702 nisi
1135 1639 1264 1720 provisa

160 1743 194 1803 et
220 1745 414 1821 praeparata
441 1744 611 1820 promeret,
644 1744 747 1804 ratam
778 1744 811 1804 et
835 1737 931 1802 fixam
954 1739 1130 1804 doctrinam
1153 1740 1261 1821 edens,

160 1839 364 1903 induceretur
384 1839 528 1916 haerens,
552 1839 712 1918 dubitans,
734 1857 874 1905 summas
894 1838 1097 1905 difficultates
1117 1859 1261 1920 querens,
1354 1893 1357 1897 .

161 1939 344 2005 consultans
366 1945 522 2022 pergatne
545 1959 587 2004 an
605 1959 668 2003 non
696 1941 833 2024 amphus
853 1941 1060 2022 periclitetur,
1075 1944 1187 2022 petens
1207 1941 1262 2005 de·

160 2040 399 2121 niqueveniam,
422 2041 498 2120 quia
518 2058 645 2105 sursum
668 2041 816 2104 deorsum
835 2039 968 2105 fluctuet
989 2041 1094 2122 opinio
1116 2041 1261 2124 (242A);

161 2157 243 2218 quae
264 2142 369 2205 omnia
391 2142 503 2222 procul
523 2140 564 2205 ab
583 2142 780 2222 expositione
801 2142 980 2222 dogmatica
1003 2146 1086 2206 sunt.
1131 2140 1262 2218 Quaeri·

132 2294 136 2301 ,
162 2245 215 2304 tur
235 2241 343 2322 igitur,
366 2247 523 2320 quatenus
548 2239 664 2323 hospes
685 2247 861 2306 memorata
888 2242 1016 2320 referat,
1039 2247 1200 2320 quatenus
1220 2242 1262 2307 ad

160 2359 242 2405 nova
264 2343 434 2406 statuenda
456 2348 582 2422 agatur.
617 2342 704 2418 Quae
728 2340 932 2426 διακηκοέναι
954 2340 990 2425 γέ
1012 2364 1113 2429 φησιν
1132 2335 1260 2421 ἱκανῶς,

160 2459 199 2505 ea
219 2446 293 2505 sunt
310 2447 386 2507 ante
401 2443 472 2507 illas
489 2444 663 2523 angustiae,
687 2448 763 2508 sunt
778 2444 875 2523 igitur
889 2444 921 2506 in
936 2444 1038 2526 prima
1056 2448 1150 2525 parte
1163 2462 1261 2526 quae·

157 2540 265 2605 nenda.
290 2543 344 2606 sed
358 2543 517 2624 sophistae
531 2542 712 2608 definitione
729 2546 881 2610 contineri
898 2563 959 2609 non
971 2550 1115 2626 possunt,
1131 2550 1261 2627 poterat

157 2644 240 2706 enim
253 2643 339 2721 haec,
366 2649 403 2708 ut
422 2644 594 2723 docuimus
617 2646 680 2709 nisi
696 2645 799 2710 fracta
811 2645 953 2710 Eleatica
968 2645 1110 2710 doctrina
1130 2647 1259 2710 omnino

158 2761 220 2807 non
239 2743 318 2809 dari.
349 2745 471 2823 Restat,
487 2749 525 2808 ut
541 2745 584 2808 sit
599 2743 812 2810 definitionem
827 2744 993 2810 dividendo
1006 2745 1177 2824 quaerendi
1194 2764 1260 2810 mc·

159 2844 284 2919 thodus
308 2862 406 2924 quam
429 2836 472 2908 od
493 2839 606 2931 ῥᾴδιον
630 2842 724 2928 ἔργον
748 2847 841 2926 dicat,
867 2865 886 2910 a
908 2864 972 2926 qua
995 2843 1187 2924 ἐπιδείξεως
1208 2863 1261 2910 su·

158 2945 328 3025 spicionem
350 2948 458 3010 arceat
491 2947 565 3028 (217
581 2946 632 3026 E).
677 2946 757 3012 Cum
789 2948 850 3012 hac
881 2947 1033 3028 opinione
1068 2947 1259 3012 conveniunt

157 3048 270 3111 omnia.
315 3046 456 3111 Primum
485 3047 658 3112 exhibitum
686 3048 719 3110 in
745 3049 905 3129 piscatore
934 3049 1122 3130 exemplum.
1161 3065 1258 3127 qnam

158 3163 233 3211 vero
266 3145 299 3210 in
331 3146 449 3212 tahbus
481 3147 575 3213 rebus
600 3153 789 3213 exercuerat
816 3148 969 3214 hactenus
999 3147 1192 3227 methodum,
1220 3166 1258 3213 ea

159 3264 233 3311 mox
256 3254 391 3330 apparet
418 3267 532 3329 pamm
557 3247 723 3329 sufficiens,
755 3268 826 3314 cum
852 3250 894 3313 ad
915 3249 1038 3314 maiora
1058 3249 1258 3314 adhibeatur.

157 3349 260 3429 prima
284 3348 425 3414 definitio
448 3368 511 3414 non
532 3351 616 3414 sicut
637 3351 668 3414 in
689 3352 847 3432 piscatore
869 3349 1030 3431 sophistae
1050 3351 1188 3415 indolem
1210 3357 1258 3415 to·

158 3455 226 3515 tam
240 3449 348 3515 refert.
382 3452 516 3516 alteram
540 3451 638 3529 addit,
662 3454 792 3517 tertiam
815 3453 957 3532 aliasque
977 3452 1133 3533 deinceps.
1159 3469 1258 3516 unum

156 3549 209 3615 hic
223 3551 394 3616 identidem
418 3551 571 3617 recurrit:
594 3552 757 3618 divisionis
778 3550 955 3617 methodus.
989 3552 1069 3634 Iam,
1087 3557 1257 3634 postquam

159 3651 245 3716 haud
267 3653 334 3718 sine
348 3652 484 3733 quodam
504 3653 625 3734 pudore
642 3654 735 3718 irrita
755 3653 812 3716 illa
835 3670 890 3717 sex
911 3653 1074 3717 conamina
1093 3670 1257 3717 enumera·

157 3753 328 3832 vitiantis
356 3754 468 3819 deinde
496 3755 629 3820 sanioris
653 3755 878 3834 disquisitionis
911 3754 1136 3834 fuudamentin,
1160 3761 1259 3820 -ut

158 3856 337 3936 aegrotanti
358 3856 519 3936 propter
511 3863 617 3920 rncont
604 3857 769 3920 tinentiam
800 3875 872 3921 cum
899 3854 1017 3918 viribus
1038 3853 1133 3919 simul
1152 3854 1259 3937 prisca

158 3957 240 4021 redit
227 3957 484 4073 tcupiditas-
516 3974 628 4021 rursus
661 3956 808 4021 fiduciam
835 3955 969 4037 concipit
999 3955 1138 4019 methodi
1164 3974 1255 4021 suae:

153 4051 286 4133 πάντως
300 4046 376 4122 οὔτε
393 4041 490 4134 οὗτος
513 4079 587 4122 occe
610 4046 744 4121 ἄλλο’
709 4079 800 4140 γενος
822 4047 916 4121 οὔδει
940 4047 986 4140 μή
1008 4077 1092 4120 ποτε
1116 4051 1256 4142 ἐκφυγὸν

255 4371 318 4439 133)
337 4369 449 4424 Grote
466 4386 493 4438 p.
507 4370 574 4424 398:
604 4367 647 4424 ‘he
666 4366 788 4441 (hospes)
811 4366 836 4424 ic
860 4364 933 4423 from
956 4366 1111 4440 beginning
1137 4370 1168 4424 to
1198 4365 1253 4425 end

154 4457 320 4514 affirmative
338 4460 393 4513 and
409 4457 586 4532 dogmatical.
