3000 5070
724 405 766 467 ‘13

199 614 256 662 nes
275 593 405 660 dicendo
426 593 637 658 immutentur
650 591 730 658 haec
744 593 811 658 sola
825 591 984 674 permittit
999 592 1062 673 ¹³⁵).
1085 592 1296 670 Quamobrem

202 697 334 778 nequis
357 714 451 778 porro
472 695 566 774 dicat,
588 696 756 760 Platonem
785 696 818 760 in
839 694 987 778 Sopbista
1013 695 1132 778 dialogi
1160 695 1297 762 sormam

199 800 250 866 vel
262 801 430 865 molestam
446 803 577 882 propter
597 797 854 864 consuetudinem
875 796 1059 863 retinuisset
1089 797 1161 864 Neu
1173 797 1244 879 quis
1263 797 1297 863 in

199 901 348 985 Sophiste
369 904 472 965 artem
493 899 617 965 omnino
639 898 812 965 desideret!
840 897 891 963 Ea
912 898 996 965 enim
1018 903 1068 965 est
1088 917 1213 964 summa
1233 916 1296 977 ars,

200 1020 284 1083 quae
304 1001 337 1066 id
358 1001 443 1081 quod
465 1000 546 1082 petit
566 1001 746 1080 assequitur
760 999 884 1065 ratione
898 1000 1037 1065 maxime
1049 998 1297 1066 accommodata

201 1117 304 1180 neque
324 1098 403 1164 haec
425 1099 513 1164 deest
533 1099 565 1163 in
578 1099 648 1163 aliis
670 1100 773 1180 rebus,
797 1099 964 1166 Theaeteti
982 1100 1137 1183 imprimis
1150 1111 1296 1183 persona,

201 1188 431 1266 adulescentuli
453 1198 584 1265 modesti
609 1201 666 1266 sed
687 1202 720 1266 in
740 1202 958 1284 perquirendis
978 1201 1091 1267 vilibus
1112 1201 1208 1269 rebus
1230 1202 1299 1267 lau·

130 1389 134 1393 ι
200 1301 289 1368 tioris
310 1303 412 1382 neque
434 1318 561 1383 semper
581 1301 660 1367 satis
682 1302 807 1368 attenti.
851 1303 970 1368 Verum
1003 1308 1036 1368 et
1067 1301 1148 1368 haec
1177 1307 1210 1368 et
1233 1303 1298 1369 alia

200 1420 343 1468 summae
364 1400 443 1466 artis
464 1401 510 1467 rei
536 1402 643 1482 gratia
668 1420 833 1484 repressae
864 1403 1000 1483 vestigia
1031 1406 1143 1486 sponte
1176 1421 1234 1468 sua
1263 1420 1298 1467 se

200 1501 337 1570 offerunt
359 1502 486 1568 assidue
508 1501 698 1584 legentibus

302 1603 459 1684 Longiore
481 1621 577 1668 cursu
600 1601 762 1669 difficilem
781 1603 925 1669 Platonis
946 1604 1060 1668 librum
1082 1605 1299 1687 pervestigan-

199 1709 247 1770 tes
266 1704 438 1784 aequorei
459 1704 542 1770 ullas
562 1702 737 1786 refugimus
764 1708 921 1786 tenebras,
948 1723 1051 1787 neque
1073 1705 1166 1770 veriti
1188 1723 1298 1771 sumus

199 1806 339 1871 virorum
359 1804 523 1871 doctorum
539 1806 722 1883 sententias,
746 1805 799 1870 ubi
821 1806 867 1871 rei
888 1824 1002 1872 caussa
1023 1805 1101 1871 utile
1115 1805 1218 1871 risum
1238 1809 1298 1882 est,

116 1971 119 1975 .
200 1906 372 1986 exagitare.
414 1907 483 1972 Iam
506 1925 581 1972 vero
602 1905 691 1972 finito
714 1908 875 1989 proposito
897 1906 1010 1973 melius
1031 1925 1128 1988 quam
1151 1905 1298 1972 inchoato

199 2005 413 2090 perspicimus
439 2006 479 2071 de
502 2005 637 2071 Platone
656 2025 802 2088 promere
822 2008 908 2090 quod
930 2026 967 2072 eo
987 2008 1117 2089 dignum
1139 2008 1180 2073 sit
1201 2025 1297 2087 quam

200 2109 244 2174 sit
264 2105 399 2184 difficile,
423 2125 518 2187 quam
538 2106 703 2172 lubricum.
734 2106 816 2171 Nam
833 2125 872 2170 ne
893 2106 1011 2173 labaris
1032 2111 1066 2172 et
1088 2106 1200 2174 intima
1220 2126 1298 2188 qua·

199 2209 273 2272 dam
295 2207 514 2274 familiaritate
534 2225 614 2288 opus
633 2213 691 2287 est,
723 2226 806 2287 quae
827 2227 899 2273 eum
920 2209 979 2274 boc
1001 2208 1202 2292 potissimum
1224 2210 1298 2274 scri·

199 2314 292 2392 ptore
313 2309 433 2375 nonnisi
453 2310 547 2392 longo
568 2309 701 2392 legendi,
724 2310 896 2401 cogitandi,
919 2310 1045 2377 vivendi
1066 2329 1127 2375 usu
1147 2309 1298 2392 iungitur,

201 2428 304 2492 neque
325 2429 445 2487 eorum,
465 2412 519 2491 qui
540 2417 637 2477 antea
665 2411 705 2476 de
727 2411 862 2478 Platone
885 2416 961 2477 sunt
982 2410 1095 2489 meriti,
1128 2411 1188 2476 nisi
1214 2414 1300 2477 totas

201 2511 374 2574 sententias
406 2511 623 2591 amplecteris,
656 2511 760 2576 iustus
794 2510 826 2574 in
859 2510 992 2594 singulis
1021 2510 1141 2575 arbiter
1181 2510 1300 2591 poteris

203 2611 366 2676 exsistere.
410 2610 633 2690 Quamobrem,
660 2614 687 2678 si
717 2611 793 2694 quid
814 2610 915 2675 baca
943 2616 1036 2692 parte
1056 2614 1221 2692 peccatum
1251 2609 1302 2688 sit,

202 2727 266 2789 qna
298 2728 357 2792 par
391 2714 441 2776 est
473 2710 628 2777 modestia
658 2712 876 2794 deprecamur.
928 2711 1012 2776 Dum
1045 2709 1180 2775 veroid
1212 2709 1302 2775 nobis

197 2809 373 2890 mungerii,
401 2816 438 2876 ut
466 2817 501 2877 et
529 2810 672 2878 doctrina
694 2814 812 2896 dialogi
833 2813 950 2878 clarius
971 2811 1081 2895 paullo
1102 2827 1198 2891 quam
1224 2814 1299 2875 ante

195 2909 415 2993 perspiciatur,
450 2915 484 2976 et
515 2912 745 2996 compositionis
775 2912 948 2980 necessitas
976 2911 1133 2994 quomodo
1160 2928 1201 2976 ex
1234 2926 1298 2973 uno

202 3134 400 3144 ---..

303 3279 364 3348 135)
383 3278 459 3332 Haec
490 3278 610 3332 interior
635 3295 733 3333 caussa
761 3277 868 3330 formae
892 3275 1047 3346 dialogicae
1074 3277 1124 3328 est.
1169 3274 1302 3328 Exterior

202 3371 295 3420 autem
308 3367 460 3434 repetenda
478 3367 592 3420 videtur
609 3383 644 3420 ex
656 3366 817 3419 Eleatarum
835 3364 990 3420 disserendi
1006 3380 1093 3418 more.
1118 3363 1189 3416 Nam
1201 3380 1217 3416 e
1229 3380 1302 3417 com·

203 3458 310 3524 paratis
331 3455 401 3509 locis
418 3454 564 3524 Sophistae
585 3455 676 3509 2170:
696 3455 733 3525 τῷ
755 3455 817 3524 μὲν,
839 3445 860 3508 ὦ
881 3447 1032 3522 Σώκρατες,
1063 3445 1173 3511 ἀλύπως
1195 3469 1224 3505 τε
1248 3455 1294 3503 καὶ

201 3538 313 3608 εὐηνίως
336 3543 593 3612 προςδιιιλεγομένῳ
617 3543 685 3612 ῥᾷον
708 3537 777 3595 οὕτω
804 3538 835 3594 τὸ
864 3537 934 3610 πρὸς
964 3534 1056 3603 ἄλλον,
1084 3544 1112 3595 et
1129 3537 1302 3593 Parmenidis

203 3632 296 3685 13713:
317 3637 356 3690 τίς
368 3622 425 3699 οὗν,
446 3636 542 3697 εἰπεῖν,
559 3635 610 3702 μοὶ
627 3628 829 3701 incrassatam
847 3624 863 3697 ἢ
880 3628 896 3684 ὁ
914 3624 1060 3694 acuitatem
1079 3625 1175 3696 ἣκιστα
1192 3624 1247 3698 γὰρ
1266 3621 1302 3681 ἂν

202 3722 439 3788 πολυπραγμονοῖ,
467 3723 513 3772 καὶ
537 3715 555 3770 ἃ
577 3725 661 3773 οἴεται
686 3714 794 3790 μάλιστ’
822 3712 858 3774 ἂν
881 3715 1072 3788 ἀποκρίναιο·
1097 3720 1143 3768 καὶ
1158 3711 1218 3787 ἅμα
1237 3716 1303 3787 ἐμοὶ

198 3802 333 3861 cadauer
351 3801 387 3860 ἂν
404 3805 473 3873 εἴηῆ
492 3808 596 3861 ἐκείνου
614 3803 768 3879 ἀπόκρισις,
791 3807 941 3862 verisimile
954 3811 1004 3870 est,
1019 3804 1094 3874 quod
1107 3802 1302 3858 etiamStall·

200 3894 364 3948 baumius
382 3893 419 3963 (p.
433 3894 475 3962 14)
494 3894 622 3956 coniecit,
641 3912 747 3949 morem
765 3895 1030 3949 fuisseEleatarum.
1048 3891 1191 3945 doctrinas
1210 3891 1303 3960 aliquo

201 3983 387 4052 respondente
405 3999 560 4052 exponere3
579 3983 655 4051 quod
674 3984 835 4037 institutum
854 3985 893 4038 eis
912 3983 1024 4037 omnino
1041 3981 1225 4049 temporibus,
1244 3981 1304 4049 qui·

201 4072 254 4124 bus
272 4071 417 4125 doctrinae
434 4070 617 4140 philosophae
635 4089 691 4125 non
709 4076 768 4125 tam
785 4071 873 4135 libris,
901 4089 984 4139 quam
1002 4070 1156 4139 praesentis
1174 4068 1302 4138 magistri

202 4176 329 4212 sermone
353 4158 480 4212 solebant
507 4160 667 4228 propagari,
694 4159 831 4227 imprimis
849 4163 892 4213 est
910 4157 1158 4213 accommodatum.
1188 4174 1303 4226 pergra-

200 4252 261 4299 tum
279 4245 352 4299 enim
370 4249 399 4298 et
410 4244 522 4299 docenti
534 4250 562 4299 et
575 4245 753 4300 audientibus
768 4247 889 4301 debebat
901 4263 960 4300 esse
972 4244 1149 4299 intervallum
1162 4241 1302 4313 quoddam

202 4335 278 4387 inter
305 4332 428 4400 singulas
455 4335 636 4402 gravissimae
660 4336 837 4389 auctoritatis
862 4334 1022 4389 sententias.
1047 4351 1102 4403 quo
1126 4333 1204 4386 ethi
1227 4331 1303 4386 dicta

202 4420 365 4490 colligerent
383 4426 411 4472 et
423 4421 470 4473 ille
485 4421 600 4475 dicenda
615 4428 804 4494 praepararet.
