3000 5070
723 405 762 466 39

195 581 240 646 Et
270 582 311 647 de
341 584 401 649 hac
426 583 553 664 quidem
586 603 621 651 re
649 585 725 666 quid
750 585 954 652 statuendum
984 585 1139 665 videatur,
1169 586 1295 667 cognito

196 682 290 748 huius
312 685 428 751 criseos
450 685 612 767 principio,
641 687 718 751 satis
739 687 877 764 taudem,
899 691 937 752 ut
957 705 1131 769 speramus,
1151 686 1296 768 liquebit.

196 781 226 846 id
259 801 334 848 vero
360 803 442 850 nunc
470 786 534 851 iam
563 784 655 851 facile
685 787 787 868 quiris
810 787 966 867 concedet,
989 788 1166 868 Platonem,
1190 787 1217 854 si
1238 787 1297 852 sibi

194 885 408 964 proposuisset
429 903 540 952 omnes
563 886 704 952 omnium
724 885 985 968 philosophorum
1013 887 1051 953 de
1075 892 1148 952 ente
1177 887 1295 968 opinio·

197 1003 253 1050 nes
285 987 478 1067 examinare,
511 987 606 1068 idque
631 991 828 1069 propositum
860 988 906 1053 ita
935 993 1018 1052 esset
1051 991 1227 1066 exsecutus,
1260 989 1298 1050 ut

195 1085 403 1165 gravissimae
424 1088 587 1168 opiniones
614 1088 879 1166 desiderarentur,
908 1088 1050 1170 reliquae
1071 1090 1126 1153 rix
1148 1104 1297 1169 agnosce·

195 1192 314 1263 rentur,
349 1205 412 1252 non
443 1187 538 1252 laude
568 1186 666 1254 fuisse
700 1189 830 1269 dignum
865 1190 919 1255 sed
952 1189 1203 1270 reprehensione.
1240 1205 1298 1252 nec

195 1292 304 1352 tamen
324 1288 438 1354 iustior
465 1293 550 1354 esset
579 1289 647 1354 eius
674 1289 760 1354 modi
782 1289 993 1371 reprehensio,
1017 1308 1112 1371 quam
1136 1288 1200 1366 illa,
1224 1306 1296 1369 qua,

195 1406 266 1452 cum
292 1387 386 1451 Plato
410 1387 442 1451 in
461 1387 620 1469 republica
642 1388 741 1470 (VIII.
760 1389 818 1464 Dl)
840 1388 990 1468 docuerit,
1014 1387 1170 1468 quomodo
1190 1390 1300 1452 variae

195 1488 332 1554 civitatis
352 1489 591 1553 constitutiones
613 1489 742 1553 invicem
765 1506 834 1553 sese
861 1489 1026 1571 excipiant,
1059 1488 1099 1553 ab
1126 1487 1300 1553 Aristotele

196 1588 228 1651 in
254 1589 454 1668 politicorum
484 1588 565 1653 libro
589 1589 632 1653 Vl
664 1587 772 1670 (extr.)
796 1589 946 1669 carpitur,
982 1589 1058 1671 quia
1083 1589 1145 1653 alio
1174 1605 1300 1668 qnoque

197 1689 300 1768 modo,
323 1707 419 1770 quam
442 1689 506 1754 illic
528 1690 708 1771 expositum
732 1692 781 1771 sit,
803 1692 899 1755 chum
915 1697 1035 1756 statum
1048 1691 1080 1755 in
1096 1689 1193 1755 alium
1208 1704 1301 1770 posse

195 1790 331 1854 transire
359 1808 421 1856 usu
448 1795 546 1871 atque
573 1792 726 1873 exemphs
748 1796 881 1856 constet.
923 1792 1042 1857 Verum
1071 1790 1175 1868 Plato,
1207 1787 1301 1853 sicuti

196 1889 259 1954 illic
280 1908 342 1954 non
365 1891 531 1956 historiam
549 1891 809 1958 constitutionum
828 1893 993 1974 spectarit,
1016 1890 1136 1956 fluxam
1154 1890 1243 1955 illam
1265 1906 1302 1953 ac

197 1989 337 2055 fortuitis
358 1990 482 2055 casibus
503 1990 681 2070 obnoxiam,
700 1993 755 2056 sed
770 1996 932 2056 aeternam
947 2009 1054 2057 rerum
1068 1989 1300 2066 necessitatem,

121 2085 129 2102 '
197 2110 261 2173 qua
281 2092 383 2172 quiris
402 2097 507 2158 status
530 2091 722 2174 reipublicae
745 2092 909 2157 deterioris
936 2090 1101 2156 cuiusdam
1128 2089 1249 2154 semina
1268 2088 1302 2150 in

196 2213 231 2259 se
252 2194 343 2274 gerit,
367 2194 477 2259 eodem
500 2193 592 2259 modo
615 2194 648 2257 in
669 2193 738 2274 hac,
759 2212 855 2275 quam
869 2191 1018 2273 Sophista
1039 2190 1175 2268 exhibet,
1199 2187 1301 2270 philo·

197 2293 368 2373 sophomm
384 2294 585 2372 lustratione,
607 2298 775 2375 postquam
788 2294 877 2358 breri
889 2296 1058 2374 conspectu
1078 2289 1215 2372 mythice
1236 2307 1301 2352 ma·
1334 2359 1338 2366 ¹

199 2395 248 2475 gis
268 2393 339 2458 illos
359 2412 427 2458 rem
450 2413 541 2459 suam
565 2412 740 2474 enarrasse,
771 2412 867 2474 quam
889 2394 1008 2459 strictis
1029 2389 1228 2472 argumentis
1249 2388 1301 2451 de·

200 2497 396 2558 monstrasse
427 2495 574 2575 ostendit,
608 2495 745 2575 reliquas
777 2513 887 2559 eorum
916 2494 1044 2572 varias,
1078 2509 1158 2571 quas
1184 2486 1304 2569 attigit,

200 2595 360 2676 opiniones
380 2595 433 2659 alii
453 2596 589 2677 tempori
609 2596 820 2661 examinanda
842 2596 968 2677 seponit
978 2594 1028 2677 64),
1052 2611 1108 2658 ens
1131 2608 1207 2655 vero
1230 2588 1302 2654 sub·

202 2695 273 2761 inde
300 2697 431 2778 propria
459 2700 494 2762 et
519 2696 657 2762 maxime
692 2695 878 2779 philosopha
907 2695 959 2759 via
992 2691 1203 2777 persequitur,
1239 2709 1304 2771 qua

207 2933 405 2943 ——n—

303 3107 349 3177 64)
367 3107 460 3162 2430:
482 3108 538 3162 τῶν
556 3105 612 3178 μὲν
629 3110 723 3160 τοίνυν
738 3104 850 3159 πολλῶν
867 3107 931 3174 πέρι
953 3105 999 3156 καὶ
1018 3097 1089 3173 μετὰ
1107 3100 1186 3154 τοῦτο
1204 3092 1307 3166 σκεψό-

201 3198 269 3268 μεθ’
294 3192 336 3250 ιἰν
359 3191 437 3270 δόξῃ
458 3227 491 3235 -
510 3196 585 3265 quod
603 3195 715 3264 quidem
735 3195 764 3247 in
781 3193 834 3247 hoc
852 3193 964 3263 dialogo
983 3191 1077 3245 facere
1095 3191 1185 3243 visum
1205 3188 1231 3240 ei
1248 3205 1305 3241 non

201 3292 252 3350 est,
278 3285 430 3355 sepositum
455 3284 577 3339 fortasse
601 3281 786 3351 ‘Philosopho‘
805 3311 840 3320 —
858 3283 919 3349 περὶ
946 3279 977 3332 δὲ
996 3279 1044 3330 τοῦ
1062 3282 1197 3349 μεγίστου
1213 3293 1242 3327 τε
1260 3279 1306 3327 καὶ

200 3372 325 3445 ἀρχηγοῦ
342 3367 451 3444 πρώτου
472 3372 524 3442 (sic
546 3373 647 3442 optimi
668 3371 770 3440 quique
793 3369 877 3423 codd.
898 3398 929 3406 -
955 3366 1100 3421 Bonitzius
1128 3381 1192 3418 cum
1208 3361 1306 3432 Vulg.:

202 3462 321 3533 πρῶτον)
340 3461 374 3528 δὴ
395 3464 537 3515 σκεπτέον.
558 3464 614 3514 ΘΕ.
637 3465 719 3517 Τίνος
737 3455 771 3524 δὴ
790 3460 893 3526 λέγεις;
922 3450 938 3520 ἢ
963 3456 1055 3520 δῆλον,
1079 3449 1121 3507 ὅτι
1149 3449 1180 3506 τὸ
1200 3446 1234 3508 ὃν
1251 3448 1307 3523 φῂς

202 3551 311 3620 πρῶτον
329 3550 389 3603 δεῖν
404 3543 642 3619 διερευνήσασθαι,
659 3552 688 3599 τί
703 3546 771 3598 ποθ’
790 3548 817 3596 or‘
834 3547 959 3613 λέγοντες
978 3539 1043 3597 αὐτὸ
1058 3541 1158 3607 δηλοῦν
1170 3538 1306 3610 ἡγοῦνται.

202 3669 235 3679 -
255 3639 341 3692 Errat
349 3637 502 3700 Bonitzins,
522 3637 588 3690 dum
606 3635 646 3705 (p.
661 3636 713 3688 293
732 3652 759 3687 n.
778 3637 805 3698 7)
825 3629 858 3685 ιὰ
879 3627 966 3685 πολλά
984 3631 1021 3684 sd
1039 3626 1099 3687 τοὺς
1116 3624 1203 3687 ἄλλως
1214 3630 1307 3695 λέγον-

203 3745 250 3784 mc
267 3726 380 3795 (2453),
402 3724 433 3778 τὸ
452 3721 577 3796 ἀρχηγὸν
596 3724 706 3794 πρῶτον
724 3721 761 3775 ad
777 3717 839 3779 τοὺς
857 3721 1168 3789 διακριρολογουμένους
1185 3714 1248 3784 (ib.)
1265 3731 1307 3767 re·

203 3814 266 3867 fert.
303 3813 393 3866 Patet.
412 3813 486 3865 enim
512 3813 568 3865 τῶν
592 3812 648 3883 μὲν
669 3816 761 3864 τοίνυν
787 3809 896 3861 πολλῶν
914 3811 975 3874 πέρι
1000 3804 1176 3858 referendum
1194 3819 1254 3856 esse
1271 3802 1307 3856 ad

203 3903 289 3955 verbs
307 3900 503 3970 praecedentia
520 3904 565 3951 καὶ
586 3903 649 3968 περὶ
666 3899 721 3951 τῶν
738 3893 829 3950 ἄλλων
854 3895 888 3961 δὴ
913 3896 968 3948 τῶν
994 3896 1211 3962 προειρημένων,
1238 3889 1307 3944 haec

204 4004 270 4040 vero
288 3987 426 4055 respicere
444 3986 537 4038 varios
555 3985 627 4047 illos,
651 4001 720 4053 qnos
745 3984 849 4053 attigit,
866 3983 900 4037 de
919 3983 1014 4036 rerum
1033 3977 1233 4047 compositione
1250 3994 1307 4044 my-

203 4076 276 4129 thos.
304 4075 355 4128 hos
375 4075 462 4144 igitur
481 4074 630 4127 missurum
647 4091 675 4126 se
694 4072 763 4126 dicit
781 4077 809 4125 et
828 4071 925 4129 mittit.
944 4087 1029 4123 unum
1047 4066 1118 4120 illud
1135 4061 1165 4119 τὸ
1183 4059 1307 4135 ἀρχηγὸν

205 4163 315 4232 πρῶτον
331 4165 517 4232 persequitur.
543 4163 579 4216 ad
599 4162 674 4231 quod
694 4161 794 4223 omnia,
827 4178 898 4229 quse
920 4158 1019 4213 deinde
1038 4156 1142 4226 promit
1162 4158 1190 4207 et
1207 4157 1307 4207 contra

205 4248 266 4308 τοὺς
284 4252 593 4323 διακριβολογουμένους
616 4255 645 4303 et
667 4247 728 4308 roi-c
746 4243 833 4309 ἄλλως
852 4251 981 4317 λέγοντας
1006 4246 1088 4299 unice
1114 4244 1248 4312 spectant.
1277 4240 1307 4292 in

205 4340 334 4393 omnibus
351 4340 425 4394 enim
443 4339 533 4393 solum
552 4336 583 4392 rb
602 4332 636 4392 ὂν
657 4337 834 4408 διερευνᾶται,
856 4341 884 4389 τί
900 4335 968 4389 ποθ’
988 4335 1015 4386 οἱ
1033 4335 1158 4402 λέγοντες
1175 4324 1241 4382 αὐτὸ
1260 4327 1307 4392 δη·

206 4428 271 4482 λοῖιν
287 4425 423 4498 ἡγοῦνται.
