3000 5070
738 360 776 425 41

208 545 266 608 aut
282 543 380 626 plura
401 545 585 608 statuerunt
598 545 656 608 aut
676 560 775 608 unum
790 560 855 608 ens.
885 544 1080 624 quatenus
1096 559 1171 608 vero
1191 541 1306 608 omissa
1398 622 1400 626 v

209 644 248 709 de
271 641 403 709 numero
425 644 610 724 quaestione
632 644 724 710 aliter
745 643 930 723 disseruere,
965 661 1035 708 cum
1061 647 1188 724 praeter
1208 660 1306 723 quau·

208 745 335 810 titatem
364 747 473 822 restet,
505 744 545 808 de
577 762 640 825 qua
672 744 731 810 dici
759 749 864 826 queat,
892 744 1038 826 qualitas,
1067 743 1149 809 hanc
1171 745 1306 810 scrutati

209 844 275 909 enti
298 847 356 909 aut
376 861 560 925 corpoream
586 848 735 911 naturam
757 845 1004 925 vindicaverunt,
1034 848 1174 911 autnon
1196 861 1304 926 corpo·
1408 916 1413 926 ,

206 963 304 1010 ream.
325 946 456 1010 tertium
470 945 561 1026 enim,
585 945 733 1026 quoniam
748 946 862 1022 omnia,
877 949 1043 1026 quatenus
1058 944 1123 1010 sint
1137 944 1231 1022 entia,
1254 962 1305 1009 ea·

206 1049 299 1111 tenus
314 1065 412 1111 unum
435 1064 502 1112 esse
522 1047 774 1112 demonstratum
799 1047 863 1112 iam
886 1052 944 1126 est,
978 1064 1041 1112 non
1061 1044 1166 1110 datur.
1208 1043 1305 1110 Vides
1360 1092 1366 1107 .

206 1149 359 1227 quattuor
371 1148 416 1212 sic
433 1149 521 1213 nasci
537 1149 717 1225 sententias,
742 1147 856 1228 quibus
873 1148 1014 1212 omnium
1035 1146 1175 1227 capitum
1196 1162 1305 1210 omnes

205 1265 315 1314 sensus
346 1249 575 1315 contineantur.
611 1249 721 1331 quinta
753 1248 836 1314 enim
868 1265 937 1314 esse
962 1246 1083 1328 nequit.
1116 1245 1176 1311 has
1206 1245 1304 1328 igitur

205 1347 349 1431 deinceps
372 1348 430 1416 sub
452 1367 587 1416 examen
605 1349 809 1431 philosophus
828 1352 921 1414 vocat
932 1349 983 1430 ⁶⁷).

303 1449 411 1515 Prima
440 1468 548 1516 eorum
579 1454 640 1532 est,
673 1450 726 1531 qui
754 1449 849 1531 plura
869 1446 911 1512 cd
932 1437 1011 1514 dora
1028 1450 1183 1526 statuunt,
1216 1447 1305 1512 velut

204 1550 276 1615 duo.
308 1567 391 1630 quae
420 1551 504 1616 enim
532 1568 604 1616 cum
630 1549 681 1616 his
708 1554 848 1632 aguntur
869 1551 979 1617 statim
1001 1547 1238 1615 transferuntur
1262 1546 1304 1612 ad

204 1650 284 1716 alios
304 1669 421 1729 omnes,
447 1646 519 1717 ὅσοι
544 1651 662 1717 πλεῖον
684 1646 756 1728 ἑνὸς
776 1650 907 1735 λέγουσι
924 1644 963 1715 τὸ
985 1650 1056 1715 πᾶν
1077 1639 1169 1713 εἶναι.
1192 1665 1327 1744 11110111(

204 1749 312 1817 obrem
340 1751 519 1819 desinamus
543 1751 673 1818 tandem
703 1752 859 1840 somniare
891 1751 930 1816 de
949 1749 1086 1831 physicis
1106 1745 1301 1829 quibusdam,

204 1851 259 1932 qui
291 1852 341 1918 hic
367 1852 557 1920 renitantur.
597 1854 775 1934 quicunque
800 1852 946 1933 pluribus
973 1850 1172 1916 vindicavere
1199 1865 1303 1913 essen·

203 1953 291 2032 tiam,
311 1953 422 2031 Jonici,
445 1954 654 2034 Pythagorei,-
668 1953 803 2020 Eleatae
827 1989 865 1999 -
887 1972 961 2017 nam
988 1952 1038 2017 his
1064 1966 1189 2031 quoque
1211 1952 1304 2013 extra

202 2045 241 2116 cd
255 2048 289 2116 do
304 2053 365 2118 nisi
384 2054 472 2136 ipsae
493 2072 546 2120 res
567 2053 737 2131 sensibiles,
761 2058 903 2120 attamen
925 2050 1174 2135 repraesentatio
1191 2067 1301 2114 earum

201 2154 386 2220 remanebat
412 2192 446 2200 -
469 2155 538 2236 ipse
559 2154 694 2235 denique
714 2154 816 2233 Plato,
839 2158 996 2234 quatenus
1018 2152 1127 2235 plures
1153 2168 1204 2216 res
1231 2166 1301 2215 sen-

204 2253 309 2320 sibiles
341 2255 396 2319 uni
428 2254 517 2320 ideae
551 2255 756 2333 subiciendas,
792 2256 867 2335 quin
898 2255 995 2319 etiam
1017 2256 1174 2334 quatenus
1194 2249 1303 2331 plures

201 2354 290 2421 ideas
318 2355 432 2421 statuit
454 2393 494 2400 —
520 2373 628 2422 omnes
655 2356 780 2422 omnino
812 2354 1046 2436 compelluntur
1066 2352 1108 2417 ad
1134 2348 1302 2418 conceden-

203 2454 278 2520 dam
299 2457 477 2522 necessario
498 2457 639 2523 omnium
662 2458 782 2522 entium
803 2456 961 2522 unitatem
974 2455 1026 2539 ⁶⁸).

200 2708 413 2778 interpretatur,
437 2708 472 2762 de
489 2725 544 2778 qua
562 2725 593 2763 re
610 2727 637 2762 ru
656 2711 692 2762 64
712 2707 840 2762 diximus.
861 2736 895 2747 -
913 2705 1138 2760 Fundamentum
1154 2706 1244 2776 igitur
1262 2707 1301 2762 di·

199 2796 314 2850 visionis
327 2796 398 2850 illud
416 2793 704 2869 διακριβολογοὺμενοι
723 2796 845 2864 indicat;
863 2794 938 2866 quod
955 2810 1022 2850 vero
1041 2793 1156 2849 additur
1172 2787 1260 2864 (ὄντος
1272 2814 1300 2850 rs

200 2884 275 2953 πέρι)
296 2886 356 2936 καὶ
371 2878 426 2955 μή,
445 2885 476 2939 id
493 2889 543 2940 aut
560 2884 597 2940 ad
614 2885 725 2940 24501)
743 2884 895 2955 respiciens
911 2883 1094 2954 premendum
1105 2900 1162 2937 non
1173 2887 1216 2938 est
1226 2884 1301 2954 (con-

201 2977 247 3026 tra
259 2971 569 3029 Schleiermacber.
582 2974 618 3028 ad
629 2975 648 3028 1.
660 2992 688 3043 p.
701 2974 772 3043 339),
792 2977 840 3028 aut
859 2976 966 3028 contra.
975 2973 1080 3027 iustum
1098 2971 1301 3042 disquisitionis

200 3076 379 3130 progressum
396 3060 433 3116 ad
449 3063 592 3116 non-entis
610 3080 626 3117 a
643 3063 724 3118 nobis
741 3063 881 3132 expositas
893 3061 1073 3116 difficultates
1086 3062 1164 3131 (ΗΑ)
1181 3061 1301 3116 referen-

201 3148 267 3202 dum
285 3150 414 3213 testatur,
441 3155 613 3220 quantopere
630 3151 684 3215 hic,
710 3154 742 3205 ut
761 3168 812 3220 per
831 3154 921 3204 totum
940 3150 1090 3221 dialogum,
1116 3155 1181 3206 ante
1205 3168 1300 3205 omnes

202 3234 385 3290 obversentur
403 3238 549 3307 scriptoris
575 3240 667 3293 animo
685 3238 807 3302 Eleatae,
836 3237 911 3307 quod
933 3239 963 3292 in
986 3238 1135 3293 statuendo
1153 3238 1301 3308 Sophistae

200 3322 315 3378 consilio
333 3324 529 3394 gravissimum
546 3343 605 3380 esse
622 3325 786 3380 videbimus.

299 3411 344 3482 67)
362 3412 408 3467 Ad
431 3413 485 3469 hoc
512 3431 609 3469 verum
635 3413 724 3467 totius
752 3415 856 3468 criseos
880 3413 1049 3482 principium
1075 3414 1300 3484 perspiciendum

198 3513 279 3551 nemo
304 3504 420 3569 propius
451 3503 576 3566 accessit,
606 3520 689 3571 quam
717 3503 939 3572 Ribbingius
968 3505 998 3557 in
1024 3505 1097 3559 libro
1124 3505 1301 3574 sagacissime

199 3585 304 3654 scripto
330 3617 362 3627 -
387 3585 460 3656 πλὴν
477 3593 580 3658 Δηλίου
597 3596 633 3661 γέ
648 3608 722 3650 τινος
747 3591 833 3644 δεῖται
855 3593 1038 3663 κολυμβητοῦΙ
1064 3621 1096 3630 -
1126 3584 1321 3647 ‘Genetischa‘

197 3674 377 3746 Darstellung
404 3676 455 3730 der
485 3677 682 3732 Platonischen
708 3678 877 3733 Ideenlehre'
903 3679 976 3748 (01.1
988 3721 994 3743 ,
1022 3698 1050 3749 p.
1070 3682 1129 3736 198.
1159 3681 1221 3733 200.
1246 3682 1298 3734 205

198 3780 225 3815 n.
244 3764 316 3830 417),
337 3764 416 3817 cuius
434 3767 592 3822 assensione
610 3768 719 3837 saepius
738 3768 823 3822 etiam
839 3768 1012 3823 laetabimur.
1050 3768 1098 3822 Sin
1116 3772 1210 3822 autem
1227 3769 1298 3822 seri-

197 3850 264 3904 tatis
282 3852 485 3907 commendatio
504 3855 640 3922 quaedam
659 3859 709 3919 est,
728 3857 800 3910 dnos
818 3874 868 3910 sua
887 3860 986 3926 sponte
1005 3855 1041 3910 ad
1059 3855 1174 3910 eandem
1191 3857 1300 3911 venisse

198 3940 373 4005 sententiam,
391 3941 487 3996 licebit
504 3960 624 4008 monere,
644 3947 743 4010 omnia,
763 3947 916 4015 dequibus
933 3947 1120 4001 non·disertis
1144 3962 1222 4000 secus
1240 3963 1299 3998 rem

198 4045 226 4081 se
244 4028 347 4083 habere
365 4029 523 4094 denotetur,
544 4033 702 4087 constitisse
719 4034 808 4097 nobis,
827 4035 990 4104 priusquam
1007 4035 1081 4088 illius
1099 4035 1164 4089 libri
1179 4033 1299 4087 adeundi

197 4114 316 4170 facultas
335 4115 424 4171 fieret.
453 4118 582 4173 Ceterum
600 4120 750 4175 dolendum
768 4126 817 4183 est,
835 4123 911 4191 quod
928 4141 978 4191 per
994 4124 1107 4192 linguae
1124 4153 1155 4160 -
1175 4127 1207 4176 ut
1224 4122 1299 4176 vide-

195 4206 296 4256 tur-
317 4204 492 4274 iniquitatem
512 4208 587 4263 haud
606 4208 695 4263 ubivis
714 4210 782 4279 quid
800 4210 920 4265 voluerit
944 4211 988 4263 vir
1008 4210 1185 4264 doctissimus
1208 4210 1298 4279 possis

280 4309 363 4348 rcere.

196 4308 280 4362 pomp
297 4381 436 4450 118)Ηο00
462 4382 568 4454 opinio,
592 4384 715 4439 omniurn
737 4401 808 4457 quae
833 4385 890 4440 sint
911 4385 957 4442 hic
979 4385 1074 4442 doceri
1098 4385 1243 4450 unitatem,
1273 4383 1297 4441 si
