3000 5070
747 410 793 470 -46

224 581 561 672 (atbaaavlessentiam
581 592 710 670 ponant,
733 589 799 655 sive
816 606 913 654 unam
932 586 1143 656 substantiam
1165 591 1320 669 statuant,

224 692 290 758 nive
310 691 417 771 plures
439 686 488 773 (tv
508 684 530 776 ἢ
553 689 608 754 καὶ
634 685 676 755 τοί
701 684 809 754 πολλοὶ
834 683 905 775 είδη
934 688 1080 775 λέγοντες
1100 694 1161 755 249
1170 689 1217 773 Ο).
1261 689 1323 755 Sao

223 792 307 865 uude
328 792 472 874 poeticus
493 793 547 856 ille
561 795 658 873 vigor,
683 809 745 872 quo
766 791 848 856 hanc
868 792 1056 858 sententiam
1079 792 1120 857 ad
1136 793 1222 856 vitae
1242 790 1322 854 veri·

223 896 325 960 tatem
350 893 529 972 expressit?
550 928 589 938 —-
611 892 684 958 Mea
712 892 838 972 quidem
868 892 1023 956 sententia
1049 910 1107 973 per
1130 895 1234 957 totum
1255 891 1321 956 clia·

223 993 328 1074 logum
358 991 459 1058 ubivis
488 991 650 1074 scriptoris
680 992 779 1057 oculis
805 993 1016 1057 obversantur
1037 990 1178 1057 Eleatae.
1212 1008 1321 1071 quam·

224 1113 320 1175 quam
340 1110 415 1158 vero
437 1092 511 1160 huic
531 1111 657 1174 quoque
677 1092 745 1158 loco
769 1111 810 1157 ex
829 1094 974 1158 universo
996 1093 1069 1158 libri
1090 1092 1219 1158 consilio
1240 1092 1321 1157 mul-

222 1201 291 1261 tum
313 1195 394 1260 lucis
414 1194 550 1271 accedet,
575 1197 683 1260 tamen
709 1195 762 1273 eis,
785 1211 920 1276 quorum
942 1195 1041 1258 animi
1067 1193 1270 1260 multitudiue
1290 1198 1322 1257 ct

223 1295 415 1362 auctoritate
445 1296 585 1361 virorum
618 1313 680 1361 non
712 1295 1001 1376 praestringuntur,
1029 1312 1069 1358 ex
1090 1293 1160 1375 ipso
1181 1295 1249 1359 loco
1272 1311 1321 1359 co·

223 1396 314 1479 gnita
344 1394 435 1460 facile
472 1401 529 1476 est,
564 1396 750 1477 scriptorem
783 1415 878 1480 agere
911 1394 1037 1476 quidem
1069 1412 1140 1458 cum
1179 1392 1322 1457 omuibus

223 1497 368 1578 principii
389 1496 501 1562 idealis
523 1498 640 1576 amicis,
664 1504 739 1565 ante
761 1500 866 1565 oculos
890 1502 997 1563 autem
1020 1495 1174 1577 imprimis
1194 1494 1320 1573 habere,

223 1599 307 1663 unde
321 1596 425 1662 vivida
446 1598 501 1663 illa
516 1601 615 1665 totius
636 1601 778 1680 picturae
790 1601 983 1665 lineamenta
1000 1600 1133 1678 repetat,
1147 1594 1320 1661 doctrinam

223 1696 413 1777 Eleatioam3
436 1716 629 1779 quamquam
653 1701 743 1780 enim,
767 1700 892 1767 unitate
912 1697 1121 1764 illaEleatica
1142 1698 1204 1760 iam
1226 1714 1322 1777 supra

223 1796 371 1876 refutata,
392 1799 495 1878 magis
515 1799 566 1864 hic
587 1801 746 1880 conspicui
768 1806 842 1867 sunt
865 1800 893 1865 si
915 1799 969 1878 qui
990 1791 1098 1862 πολλὰ
1118 1789 1198 1880 εἴδη,
1225 1813 1321 1876 quam

222 1899 260 1978 ei,
285 1899 339 1980 qui
361 1893 396 1962 ἓν
418 1888 506 1975 εἶδος
527 1899 778 1983 statuebantur,
803 1907 919 1980 tamen,
943 1899 1043 1963 utvel
1060 1898 1129 1964 loco
1150 1898 1257 1976 allato,
1287 1890 1322 1961 ἓν

222 1990 244 2082 ἢ
264 1997 334 2063 καὶ
355 1993 397 2062 τοὶ
420 1994 529 2063 πολλοὶ
550 1993 620 2083 εἴδη
642 1999 802 2084 λέγοντας,
823 2004 922 2082 patet,
944 2000 1114 2080 praecipue
1129 2000 1158 2064 ei
1178 2003 1322 2081 spectan-

222 2102 277 2163 tur
299 2117 338 2164 ex
359 2095 457 2164 εἰδῶν
478 2098 596 2188 φίλοις,
619 2102 674 2181 qui
696 2095 732 2165 ἓν
754 2092 842 2178 εἶδος
860 2101 962 2165 solum
984 2099 1138 2178 colebant,
1161 2098 1256 2179 idque
1273 2098 1321 2162 lu·

222 2199 290 2266 cide
319 2205 425 2283 potest
451 2202 671 2268 demonstrari.
714 2202 790 2281 Quis
820 2203 904 2267 enim
933 2218 995 2264 nou
1017 2205 1166 2280 agnoscet
1193 2198 1323 2264 Eleatae

223 2299 253 2363 in
284 2299 339 2381 eis,
370 2301 423 2381 qui
453 2318 636 2381 corpoream
670 2302 839 2367 essentiam
869 2299 1075 2365 statuentium
1103 2292 1240 2381 σώματα
1268 2296 1324 2361 καὶ

222 2394 281 2484 τὴν
295 2398 467 2483 λεγομένην
481 2392 539 2463 ὑπ’
554 2391 662 2463 αὐτῶν
684 2396 846 2486 α’λήθειαν
860 2394 941 2463 κατὰ
953 2393 1073 2482 σμικρὰ
1088 2392 1323 2482 διαδραύοντες

224 2497 258 2565 ἐν
286 2502 356 2570 τοῖς
369 2494 487 2584 ’λόγοις
512 2499 635 2585 γένεσιν
662 2492 728 2564 ἄντ’
754 2493 866 2579 οὐσίας
887 2499 1070 2588 φερομένην
1099 2495 1172 2565 τινα
1196 2519 1322 2584 προσα·

222 2596 438 2686 papabovem?
469 2601 602 2668 Eleatae
622 2603 760 2684 fuerunt,
784 2604 837 2684 qui
855 2603 998 2686 principii
1018 2603 1141 2667 unitate
1161 2602 1235 2681 nixi,
1257 2619 1325 2666 ma·¹

224 2704 336 2767 teriem
350 2720 407 2784 pro
430 2705 566 2769 essentia
586 2704 775 2770 habentibus
788 2704 848 2770 hoc
861 2704 1016 2784 imprimis
1030 2706 1179 2784 poterant
1192 2701 1322 2780 obicere,

223 2804 307 2885 quod
330 2804 479 2869 materies
507 2805 630 2870 unitate
651 2811 748 2884 caret,
781 2799 862 2869 κατὰ
883 2798 1003 2888 σμικροὶ
1024 2796 1260 2885 διαδραύοντες
1273 2805 1323 2883 ⁷⁰),

223 2902 307 2983 quod
331 2910 553 2987 argumentum
576 2923 596 2970 a
618 2905 753 2970 πολλῶν
776 2901 873 2971 εἱδῶν
895 2903 1005 2992 φίλοις
1021 2903 1195 2970 adhibitum
1215 2903 1323 2968 videli-

223 3007 275 3069 cet
302 3003 403 3068 multo
424 3004 579 3069 minorem
601 3005 663 3069 uim
687 3004 793 3071 habet.
836 3007 969 3071 Eleatae
996 3021 1090 3086 porro
1119 3001 1256 3079 luerunt,
1287 3005 1324 3066 ut

223 3106 348 3169 constat
370 3103 513 3185 exemplo
535 3105 669 3171 Zenonis
689 3106 723 3170 in
743 3106 931 3172 Parmenidc
952 3102 1125 3181 Platonico,
1155 3100 1209 3180 qui
1230 3101 1322 3165 modo

225 3203 349 3269 eristioo
372 3201 420 3285 (lv
441 3205 513 3280 τοῖς
535 3197 684 3290 loyaut)
706 3206 801 3272 rebus
827 3204 994 3286 corporeis,
1028 3202 1102 3282 quia
1128 3200 1251 3266 unitate
1274 3219 1323 3266 ca·

223 3308 302 3383 rent,
320 3304 520 3387 denegabant
534 3306 706 3372 essentiam
720 3304 856 3390 (γένεσιν
874 3296 956 3369 ἄντ’
970 3294 1017 3369 οδ
1026 3299 1128 3384 σίας)
1140 3318 1197 3367 nee
1218 3303 1323 3368 minus

222 3409 413 3489 perpetuum
433 3426 541 3472 rerum
562 3409 682 3475 fluxum
703 3408 840 3493 (γένεσιν
852 3445 892 3453 -
904 3401 1099 3494 φερομένην)
1111 3402 1321 3485 proferebant.

223 3507 295 3573 Huc
321 3509 474 3573 accedunt
504 3510 624 3577 diserta
654 3510 798 3576 Platonis
829 3509 925 3575 verba
947 3505 1061 3572 248B:
1095 3498 1162 3585 τάχ’
1197 3489 1264 3585 οὖν,
1294 3489 1322 3568 α’

225 3606 391 3694 atatam,
414 3600 522 3675 αὐτῶν
549 3607 610 3696 τήν
634 3610 719 3695 πρὸς
740 3612 841 3674 ταῦτα
868 3601 1042 3691 ἀπόκρισιν
1064 3599 1103 3671 οδ
1125 3601 1185 3687 μὲν
1207 3595 1246 3669 οὗ
1267 3626 1324 3667 κα-

222 3704 380 3792 τακούεις,
404 3704 480 3795 ἐγώ
505 3710 549 3776 δὲ
572 3705 672 3787 ἴσως
700 3705 772 3776 διὰ
792 3704 1026 3794 συνήθειαν.
1059 3708 1138 3773 haec
1159 3710 1234 3772 sunt
1256 3705 1323 3770 eius

223 3810 328 3892 uerba,
359 3811 398 3876 de
428 3828 489 3892 quo
511 3812 588 3876 nihil
607 3812 732 3891 selanus,
762 3812 821 3876 nisi
851 3829 921 3877 esse
942 3828 1015 3875 eum
1036 3802 1075 3872 acl
1096 3804 1155 3889 μὲν
1177 3804 1267 3889 γένος
1288 3802 1325 3884 ἐξ
1413 3883 1416 3896 .

222 3899 342 3991 Ἐλέας,
365 3905 495 3995 ἑταῖρον
508 3909 545 3976 δὲ
557 3912 623 3974 τῶν
640 3902 727 3998 ἀμφὶ
737 3909 945 3996 Παρμενίδην
957 3908 1010 3974 καὶ
1021 3902 1157 3993 Ζήνωνα
1180 3905 1321 3987 (216Α);

222 4029 356 4094 cumque
382 4010 438 4075 illa
467 4011 563 4078 verba
591 4011 667 4077 satis
696 4013 857 4080 commode
890 4012 1011 4095 possint
1044 4009 1163 4087 abesse,
1206 4024 1261 4072 cur
1282 4022 1321 4069 ea

256 4270 260 4276 ·
321 4259 367 4329 75)
387 4259 455 4314 Cum
472 4259 516 4314 hia
536 4260 632 4315 confer
648 4261 790 4317 Ritteri
809 4261 975 4317 sententiam
993 4265 1051 4316 not.
1066 4263 1100 4316 73
1119 4260 1268 4314 laudatam.

322 4346 368 4416 76)
386 4347 432 4402 Ad
451 4365 521 4417 quae
538 4349 623 4403 verba
643 4349 830 4421 intellegenda
846 4366 947 4420 parum
965 4349 1107 4404 sufficiunt
1125 4347 1210 4402 allata
1227 4345 1323 4402 aZel-

222 4431 299 4489 lero
318 4435 364 4508 (Π,
385 4437 435 4491 182
452 4454 479 4490 n.
495 4436 518 4504 1)
540 4436 780 4508 etRibbingio
799 4437 831 4508 (Ι,
850 4441 903 4493 207
925 4457 952 4493 n.
971 4439 1044 4507 420),
1066 4441 1098 4491 ut
1116 4435 1185 4491 alios
1203 4437 1313 4490 mittam
