3000 5070
746 439 787 500 66

314 617 585 683 Perlustrantibus
607 617 753 682 carminis
764 616 961 683 Parmenidei
983 619 1173 702 fragmenta,
1195 624 1311 703 quibus

214 720 355 800 pepercit
376 722 554 800 temporum
576 717 756 784 tristissima
777 718 808 781 in
832 717 892 784 hoc
907 720 1060 800 imprimis
1082 739 1176 802 opere
1197 723 1310 804 iniqui·

212 825 272 896 111,
295 820 357 884 duo
378 818 578 901 potissimum
601 836 718 897 eorum,
749 835 831 898 quae
853 819 891 883 de
913 824 985 884 ente
1006 821 1211 888 Parmenides
1234 842 1307 889 nar-

213 926 273 1000 rat,
300 920 468 1001 conspicua
497 923 580 997 sunt,
611 918 695 999 quod
717 937 816 983 unum
840 925 890 984 est
913 926 945 984 et
967 921 1230 999 quou.imm0bile
1251 929 1308 990 est.
1392 972 1397 977 -

212 1018 294 1084 Huic
325 1019 503 1100 respondet,
539 1017 622 1097 quod
654 1017 716 1081 duo
747 1018 944 1099 potissimum
977 1021 1061 1084 Zeno
1098 1021 1305 1103 impugnavit,

211 1120 445 1186 multitudinem
465 1123 498 1182 et
519 1119 698 1182 motionem.
734 1125 766 1182 et
790 1119 832 1182 sic
853 1120 947 1185 Plato
973 1138 1098 1200 quoque
1120 1122 1307 1189 Eleatarum

211 1220 385 1286 doctrinam
409 1218 591 1284 brevissime
614 1219 815 1298 amplectitur
839 1219 1182 1303 111ι1111χυρίζονται,
1207 1216 1252 1299 ὡς
1273 1219 1309 1286 ab

209 1342 246 1384 ra
276 1315 384 1383 πάντα
410 1317 479 1384 ἐστὶ
504 1317 558 1382 καὶ
587 1315 720 1402 ἕστηκεν
748 1309 827 1383 αὐτὸ
854 1314 996 1405 1ναῦτῴ
1018 1322 1162 1398 (Theaet.
1187 1327 1247 1386 180
1256 1323 1316 1405 E).

211 1421 282 1487 Huc
302 1420 422 1486 accedit
441 1420 582 1497 tertium,
604 1421 690 1499 quod
701 1419 906 1485 Parmenides
922 1438 1013 1486 omne
1035 1416 1080 1505 μή
1104 1413 1188 1485 εἶναι
1210 1424 1304 1488 etiam

210 1527 305 1603 atque
332 1524 429 1586 etiam
459 1519 666 1603 pernegabat.
705 1519 797 1585 llaec
825 1519 889 1585 tria
913 1519 1079 1587 Eleatismi
1099 1522 1307 1589 fundamenta

208 1626 341 1690 totidem
370 1625 535 1689 columnae
562 1628 645 1703 sunt,
675 1622 789 1702 quibus
819 1623 979 1687 interioris
1009 1622 1176 1704 Sophistae
1205 1623 1307 1704 partis

209 1723 386 1790 aedificium
416 1728 613 1789 exstructum
646 1726 705 1788 111.
759 1722 919 1801 Diximus,
955 1723 985 1786 iu
1018 1722 1165 1805 Sophiste
1197 1741 1305 1788 omnes

209 1824 333 1888 omniuo
347 1821 549 1905 philosophos
562 1823 734 1903 recenseri,
760 1822 816 1887 sed
836 1822 881 1885 ita
902 1827 1113 1903 recensentur,
1136 1828 1173 1888 ut
1194 1840 1303 1887 eorum

209 1923 380 1987 multitudo
409 1922 450 1987 ad
477 1922 647 2002 unitatem,
675 1940 825 2002 corporea
850 1924 988 1988 essentia
1018 1922 1059 1988 ad
1088 1924 1303 2004 incorpoream

209 2024 425 2104 compellatur,
448 2021 468 2086 i.
493 2041 518 2086 e.
540 2026 578 2085 ut
599 2040 707 2088 omnes
730 2022 763 2086 in
783 2023 994 2089 Eleatismum
1015 2023 1157 2089 desinere
1179 2023 1305 2087 demon-

207 2130 326 2189 stretur
341 2124 403 2206 ¹²⁴).
447 2124 561 2189 Omnia
590 2123 743 2206 principia
774 2124 1031 2205 philosophorum
1064 2125 1095 2187 in
1128 2123 1304 2188 Eleatismo

162 2285 164 2291 ,
208 2226 445 2307 extinguuntur,
459 2225 654 2289 Eleatismus
678 2226 718 2289 ad
738 2224 881 2289 idearum
902 2243 1034 2306 reguum
1056 2225 1221 2290 evolvitur.
1254 2217 1303 2288 To*

208 2315 246 2390 ὅν
267 2345 329 2391 non
350 2328 454 2391 solum
476 2322 510 2389 hb
533 2331 581 2390 est
603 2326 659 2390 sed
689 2320 781 2390 simul
804 2319 919 2405 11111,
944 2344 1006 2391 non
1027 2324 1129 2391 solum
1153 2317 1304 2409 ἀκίνητον

207 2425 262 2492 sed
289 2427 383 2492 simul
413 2427 509 2490 etiam
543 2462 581 2470 -
615 2425 846 2506 quodammodo
869 2424 1153 2509 1-κεκινημένονς
1185 2419 1224 2488 τὸ
1256 2422 1303 2510 μή

206 2516 245 2592 dv
265 2545 327 2592 non
349 2527 450 2592 solum
471 2544 534 2591 non
552 2531 601 2592 est
620 2524 775 2605 (ἐναντίον
794 2530 857 2591 τοῦ
881 2516 989 2610 ὄντος)
1011 2528 1067 2592 sed
1087 2526 1181 2592 simul
1203 2527 1299 2590 etiam

206 2632 253 2692 est
278 2623 403 2709 (ἕτερον
426 2627 486 2690 τοῦ
508 2614 631 2710 beroch
662 2626 755 2692 aliter
777 2627 860 2691 enim
880 2644 982 2706 neque
1005 2625 1191 2708 principium
1214 2623 1301 2691 diffe-

204 2727 325 2792 rentiae
349 2726 491 2792 idearum
513 2732 603 2806 esset,
626 2744 728 2807 neque
748 2727 945 2792 mendacium
977 2731 1034 2791 aut
1061 2743 1149 2790 error
1175 2731 1303 2806 possent

205 2826 366 2907 explicari,
390 2844 472 2906 quae
495 2831 601 2891 tamen
622 2844 691 2892 1111
714 2832 838 2892 constat
860 2828 1004 2908 exemplo
1024 2825 1193 2908 1011111111.
1221 2825 1302 2891 Hinc

205 2927 346 2990 nascitur
374 2925 535 3005 sophistae
562 2925 800 3004 quaerendi-
830 2926 854 2989 si
888 2943 951 3005 qua
980 2930 1028 2990 est
1056 2961 1094 2969 -
1123 2925 1302 2990 necessitas.

206 3025 285 3090 Cum
315 3025 397 3088 enim
427 3024 538 3088 intima
567 3025 709 3089 Platonis
740 3045 760 3090 a
789 3025 976 3090 Parmenide
1008 3025 1051 3089 sit
1082 3023 1302 3105 discrepantia,

203 3126 287 3208 quod
309 3143 371 3190 non
393 3145 492 3190 unum
513 3127 676 3191 immotum
698 3127 821 3204 statuit,
846 3126 902 3191 sed
922 3126 1024 3207 plura,
1041 3143 1133 3205 quae,
1154 3124 1302 3204 quamuis

202 3229 235 3293 in
256 3247 355 3293 unum
377 3228 521 3293 coeuntia
544 3225 772 3312 (κεκινημένα),
798 3233 903 3292 tamen
918 3228 1076 3293 disiuncta
1088 3228 1173 3291 inter
1188 3245 1222 3292 se
1237 3227 1303 3291 sint

203 3347 241 3393 ac
268 3329 402 3407 diversa,
437 3328 516 3393 haec
542 3328 710 3394 diversitas
743 3347 804 3393 non
835 3330 946 3392 melius
980 3334 1107 3409 poterat
1138 3325 1301 3404 illustrari,

202 3446 299 3508 quam
328 3429 356 3494 si
382 3428 671 3509 demonstrabatur,
693 3447 788 3509 posse
808 3429 951 3494 notiones
973 3427 1184 3508 imperfectas,
1218 3442 1301 3506 quae

302 3747 363 3819 124)
382 3748 465 3802 Haud
484 3746 615 3812 diffiteor,
634 3745 828 3801 Parmenidem
848 3763 864 3799 a
881 3744 1139 3815 repraesentatione
1156 3746 1204 3799 τοῦ
1222 3738 1303 3803 ὄντος

200 3855 256 3892 non
275 3839 369 3892 omnia
394 3854 529 3907 corporea
554 3836 715 3907 praedicata
739 3836 861 3890 arcuisse
884 3834 930 3905 (01.
949 3835 1075 3899 Zeller,
1100 3834 1148 3888 Ph.
1168 3833 1194 3888 d.
1212 3833 1260 3888 Gr.
1279 3833 1301 3896 1,

197 3928 249 3981 403
260 3927 321 3995 aql,
338 3927 388 3980 sed
396 3926 475 3980 Plato
488 3942 544 3979 non
555 3925 747 3995 imperfectam
759 3925 890 3994 principii
907 3923 1026 3978 formam
1043 3923 1093 3976 sed
1110 3923 1202 3992 ipsum
1220 3921 1298 3992 prin·

199 4015 303 4084 cipium
323 4015 415 4068 ubivis
434 4018 563 4083 spectare
578 4014 648 4068 solet
665 4013 759 4083 (Soph.
779 4014 874 4067 aton:
898 4010 977 4084 ἡμεῖς
995 4013 1026 4065 δὲ
1045 4005 1197 4066 οὔτούτων
1215 4031 1300 4084 φρον-

197 4105 315 4174 τίζομεν,
334 4097 401 4155 ἀλλὰ
419 4098 536 4169 τάληθὲς
553 4103 708 4174 ζητοῦμεν);
736 4105 808 4156 sicut
826 4106 919 4155 autem
937 4102 966 4153 in
984 4101 1134 4155 Theaeteto
1152 4101 1300 4155 sensualis·

198 4208 274 4244 mum
302 4190 399 4244 melius
427 4190 559 4255 defendit,
582 4209 665 4260 quam
691 4191 745 4259 ipsi
770 4191 828 4244 eius
852 4194 980 4244 auctores
1004 4189 1137 4244 videntur
1161 4191 1297 4259 potuisse,

198 4282 282 4336 etiam
307 4279 473 4344 Parmenidi,
501 4281 625 4349 quamvis
649 4281 708 4334 eius
732 4280 946 4333 inconstantiam
972 4278 1047 4331 haud
1070 4279 1182 4348 ignoret
1200 4276 1297 4347 (Soph.

197 4367 345 4438 244Ε10.)
362 4367 531 4438 principium
549 4369 650 4423 tribuit
669 4366 919 4432 11111111Τ111111.
936 4364 1034 4420 mon:
1055 4361 1105 4418 οὐκ
1117 4366 1184 4436 ἕχον
1198 4360 1296 4436 χώραν

197 4442 261 4534 lupi
282 4463 402 4514 κινεῖται.
429 4456 510 4529 Soph.
531 4456 622 4511 2490:
640 4449 771 4524 11111νῆ
789 4459 835 4510 καὶ
853 4454 885 4509 τὰ
903 4452 991 4510 πολλὰ
1009 4455 1068 4523 εἴδη
1086 4448 1241 4528 λεγόντων).
