3000 5070
739 429 779 489 72

209 605 387 696 ἐπεύξηται
412 603 471 696 τὴν
496 610 564 673 τῶν
591 603 677 673 οὕτω
707 607 891 692 δυναμένων
918 608 1060 693 μετιέναι
1081 612 1160 677 καθ’
1184 610 1304 682 ἕκαστά

207 734 243 777 τε
266 710 320 775 καὶ
341 709 398 776 ἐπὶ
412 705 519 774 πάντα
541 709 688 792 μέθοδον
709 709 840 792 (2350).
885 711 960 788 Quis
981 731 1044 777 non
1064 713 1151 779 videt
1172 715 1305 796 ironian,

206 832 278 878 cum
306 810 554 892 triumphantem
584 811 627 874 sic
656 809 762 892 paullo
785 815 857 893 post
879 813 1036 878 maximae
1057 813 1306 880 circumveniant

205 913 377 979 tenebrae?
416 911 478 976 Sed
500 912 583 976 unde
603 909 665 975 hae
686 910 857 976 tenebrae?
886 913 966 976 vidit
990 913 1115 994 hospes,
1138 932 1208 978 cum
1229 912 1304 979 defi·

206 1015 325 1080 uitione
346 1012 505 1095 sophistae
526 1013 693 1077 convenire
713 1030 775 1076 non
800 1030 891 1093 posse
920 1013 1035 1094 dogma
1062 1014 1188 1080 scholae
1210 1013 1304 1079 Elea·

206 1115 288 1180 ticae
309 1107 355 1178 ‘cd
378 1108 424 1197 μή
449 1101 487 1177 ὅν
507 1131 572 1177 non
592 1114 680 1178 esse’.
711 1131 814 1193 neque
838 1113 990 1179 candidus
1011 1115 1059 1178 vir
1083 1113 1303 1181 difficultatem

206 1213 393 1280 dissimulat.
426 1215 564 1296 primum
585 1213 683 1295 igitur
704 1213 881 1295 dogmatice
900 1214 1030 1294 exponit
1052 1231 1134 1294 quae
1156 1220 1240 1294 tunc,
1268 1219 1305 1278 ut

206 1314 340 1395 videtur,
365 1320 474 1380 contra
500 1309 545 1398 μή
570 1303 664 1391 ὄντος
686 1314 856 1380 essentiam
878 1313 917 1379 ab
939 1314 1061 1379 Eleatis
1084 1315 1229 1380 solebant
1250 1333 1303 1378 ex·

205 1414 317 1495 promi.
360 1412 516 1480 Meditata
536 1413 585 1479 hic
607 1419 807 1494 promuntur:
830 1414 956 1477 namin
977 1412 1116 1493 singulas
1137 1410 1303 1478 difficulta-

205 1517 254 1579 tes
274 1533 336 1578 non
358 1513 522 1595 inopinata
545 1513 655 1579 incidit
674 1514 730 1579 sed
751 1515 950 1579 imminentes
969 1513 1189 1594 praenuntiat;
1214 1511 1303 1578 scho-

205 1612 318 1680 lastica
344 1618 433 1679 sunt:
468 1616 562 1679 aliter
592 1616 674 1680 enim
703 1614 780 1694 quid
803 1613 860 1679 sibi
883 1613 980 1678 velint
1003 1603 1159 1694 ἀκροαταί
1180 1613 1254 1695 (237
1262 1611 1303 1694 B)

204 1716 237 1780 in
263 1715 391 1796 quibus,
420 1717 598 1781 tacentibus
626 1717 775 1796 reliquiS,
799 1714 1001 1780 Heindorfius
1025 1717 1069 1798 (p.
1085 1715 1160 1798 348)
1184 1714 1305 1781 frustra

203 1817 348 1894 desudat,
376 1833 439 1880 non
467 1816 623 1897 intellego.
666 1816 803 1896 Accedit,
835 1816 919 1895 quod
946 1815 1060 1897 hospes
1089 1816 1147 1881 has
1177 1817 1303 1899 aporias

203 1918 326 1998 pridem
348 1919 413 1982 iam
434 1919 623 2000 saepiusque
646 1936 665 1982 a
689 1936 723 1983 se
743 1919 904 2000 expositas
925 1935 995 1983 esse
1016 1923 1067 1983 ter
1087 1917 1214 1983 disertis
1232 1935 1302 1983 ver·

203 2017 251 2082 bis
271 2023 399 2083 narrat:
424 2019 528 2099 236E,
554 2019 656 2099 239B,
678 2024 737 2085 242
745 2020 783 2084 A.
827 2020 945 2085 Nostra
973 2020 1070 2100 igitur
1092 2019 1248 2084 sententia
1269 2023 1302 2082 et

94 2135 96 2137 ’
203 2118 371 2185 divisiones
397 2125 429 2185 et
450 2122 609 2186 non-entis
632 2127 816 2202 aporemata
843 2121 970 2186 scholae
1001 2121 1169 2198 Eleaticae,
1199 2119 1302 2199 qualis

203 2223 272 2285 tum
299 2225 377 2298 erat,
405 2219 592 2284 umbratiles
618 2222 859 2286 exercitationes
886 2221 1051 2287 imitantur
1065 2223 1127 2302 ¹³⁴).
1157 2218 1301 2301 sophista

204 2324 312 2385 autem
341 2321 507 2400 quaesitus
525 2322 559 2386 is
591 2326 648 2398 est,
682 2337 745 2400 quo
774 2327 946 2401 utrumque
973 2319 1140 2387 artificium
1161 2324 1297 2385 corruat.

202 2420 271 2486 Iam
292 2438 367 2486 vero
387 2421 502 2502 hospes
523 2425 593 2486 tum
615 2422 740 2486 demum
761 2422 869 2488 libera
887 2440 943 2504 per
965 2439 1100 2488 vacuum
1126 2422 1216 2504 ponit
1247 2438 1299 2486 ve·

203 2521 306 2601 stigia,
329 2525 399 2587 tum
421 2521 548 2586 demum
569 2521 681 2603 incipit
702 2541 769 2587 esse
791 2524 894 2602 Plato,
914 2527 1083 2605 postquam
1102 2520 1300 2587 Parmenidis

201 2622 375 2688 doctrinam
397 2619 605 2703 frangendam
629 2641 697 2689 esse
719 2623 877 2689 intellexit
899 2626 971 2706 (241
982 2623 1035 2705 D).
1079 2623 1220 2703 Quaeris,
1243 2640 1300 2687 our

202 2723 233 2785 in
264 2719 326 2787 fine
354 2721 531 2805 sophistae,
562 2742 617 2788 cur
648 2725 680 2788 in
705 2724 838 2789 Politico
871 2723 912 2788 ad
940 2725 1112 2789 divisiones
1145 2726 1298 2797 recurrat,

109 2853 113 2860 ·
201 2824 325 2889 ratione
351 2842 387 2889 ac
417 2825 569 2905 principio
590 2825 652 2889 iam
676 2826 866 2906 superatas?
898 2827 1001 2890 solent
1022 2825 1120 2890 suetis
1142 2822 1300 2889 erroribus

203 2925 233 2988 ei
255 2942 381 3005 quoque
401 2925 501 2989 teneri
522 2924 674 3001 obstricti,
699 2925 752 3006 qui
776 2927 907 2990 verioris
921 2925 1106 3006 cognitionis
1126 2923 1247 2989 semina
1266 2922 1300 2986 in

201 3026 335 3107 posteris
357 3026 478 3090 oritura
499 3025 558 3107 ipsi
580 3027 689 3089 iecere.

301 3124 398 3189 Vides
414 3141 510 3203 quam
526 3125 652 3206 egregie
664 3123 811 3207 Sophiste
835 3125 977 3206 dialogus
1000 3129 1192 3204 exsequatur
1214 3120 1298 3202 quod

200 3224 233 3289 in
255 3224 430 3291 Theaeteto
454 3230 524 3290 erat
546 3228 752 3309 propositum.
795 3226 918 3304 Forma,
950 3244 1014 3306 qua
1036 3230 1105 3290 tum
1125 3224 1298 3288 utebantur

200 3325 343 3405 Eleatae,
367 3325 610 3409 philosophandi
637 3364 672 3372 -
703 3329 730 3392 si
752 3327 877 3407 quidem
900 3328 939 3392 de
958 3325 1159 3392 divisionibus
1179 3341 1299 3388 morem

200 3426 279 3492 mihi
306 3430 450 3510 geris-
472 3430 628 3511 simulque
659 3434 728 3495 tota
755 3447 864 3494 eorum
886 3428 1028 3492 doctrina
1054 3426 1233 3492 traducitur
1256 3424 1299 3488 ad

199 3527 438 3603 Platonismum,
466 3529 562 3610 idque
593 3531 647 3611 ita,
677 3535 713 3594 ut
736 3530 795 3611 ipsi
818 3534 1024 3594 contueamur
1046 3527 1149 3592 virum
1170 3526 1215 3589 illi
1237 3523 1298 3588 dis·

199 3629 333 3710 ciplinae
358 3629 529 3711 addictum,
560 3620 665 3714 ἄνδρα
693 3629 729 3694 δὲ
753 3624 839 3712 μάλα
863 3624 1062 3716 φιλόσοφον,
1091 3627 1131 3692 ad
1154 3624 1298 3691 veritatis

198 3731 302 3797 lucem
325 3749 383 3814 per
410 3750 518 3798 omnes
548 3732 712 3797 dubitandi
741 3733 904 3813 angustias
926 3732 1128 3796 eluctantem.
1162 3729 1194 3792 id
1219 3743 1295 3792 vero

199 3832 289 3896 unice
301 3831 369 3897 fieri
381 3837 508 3914 poterat
520 3831 623 3898 forma
639 3832 804 3915 dialogice.
828 3836 865 3898 ut
885 3833 967 3898 enim
984 3832 1155 3897 dicentium
1176 3826 1295 3909 opinio·

198 4036 396 4045 -—.—.-.-—.-..

297 4178 358 4248 134)
375 4176 495 4232 Mirifico
517 4176 600 4232 modo
620 4176 695 4248 apud
714 4177 877 4232 Groteum
898 4177 935 4248 (p.
951 4181 1012 4243 411,
1030 4175 1052 4244 l)
1071 4194 1138 4231 vera
1157 4173 1292 4245 quaedam

197 4267 271 4324 inter
289 4267 359 4322 falsa
377 4269 509 4322 emicant:
528 4268 585 4321 ‘the
604 4267 700 4321 Eleate
722 4267 789 4322 here
811 4268 911 4321 recites
934 4267 990 4321 this
1009 4267 1123 4336 opinion
1146 4262 1186 4336 (τὸ
1204 4263 1245 4339 μὴ
1264 4257 1298 4320 ὅν

197 4379 255 4418 non
273 4358 342 4428 osso)
359 4362 409 4414 not
427 4376 457 4414 as
474 4359 518 4414 his
536 4376 607 4426 own,
624 4361 676 4415 but
690 4359 723 4415 ‘aas
741 4363 916 4418 entertained
941 4362 978 4432 by
997 4363 1092 4416 others
1110 4359 1165 4416 and
1183 4377 1213 4416 as
1233 4377 1294 4424 oue,

197 4452 288 4513 which
305 4451 341 4506 he
360 4451 409 4507 did
429 4456 479 4506 not
497 4450 599 4522 clearly
619 4470 663 4505 see
680 4452 821 4524 through)
