3000 5070
729 451 769 512 14

203 631 387 722 α’λλακτικῆ,
417 652 500 714 quae
531 651 606 714 pars
637 631 743 696 iuerat
774 631 932 714 κτητικῆς,
954 629 1100 694 subditur
1124 624 1297 716 δωρητική.

201 753 395 818 quamquam
417 735 553 799 sortasse
568 731 634 797 fieri
647 734 763 813 potest,
786 735 823 794 ut
838 730 929 795 ‘dona
945 729 1041 793 dandi
1056 729 1296 810 accipiendiqne'

202 841 303 903 artem
334 833 428 901 simul
457 825 619 917 deportari
653 829 813 911 significet,
847 847 929 909 quae
959 816 1040 895 ratio
1062 829 1159 895 habet
1180 830 1297 911 aliquid

200 935 481 1005 commendationis
514 952 532 998 e
561 935 638 1012 ioco,
673 930 713 994 ad
747 947 842 1010 quem
867 929 947 995 haec
973 930 1146 1010 respiciunt
1177 934 1236 994 219
1250 929 1295 995 D:

200 1036 386 1122 κτητικῆς
413 1031 450 1098 δὲ
473 1019 564 1117 ἆρόὗ
593 1024 652 1096 δύο
675 1023 763 1113 εἴδης
784 1023 822 1094 τὸ
850 1027 910 1110 μὲν
939 1022 1081 1092 ἑκόντων
1101 1023 1188 1108 πρὸς
1209 1022 1297 1094 ἑκόν-

200 1160 259 1214 τας
279 1128 511 1219 μεταβλητικὸν
529 1125 567 1198 ὃν
588 1124 654 1196 διά
678 1152 722 1194 τε
743 1129 909 1210 δωρεῶν
936 1127 990 1193 καὶ
1009 1122 1210 1210 μισθώσεων
1243 1127 1298 1193 καὶ

201 1229 398 1322 ἆγοράσειον.
427 1270 465 1283 -
494 1233 645 1300 Venimus
674 1230 715 1295 ad
742 1229 1052 1308 desiliamus,
1086 1248 1168 1311 quae
1195 1229 1296 1294 2311)

201 1356 257 1420 pro
271 1338 318 1402 III
333 1341 367 1402 ct
380 1336 424 1401 IV
438 1338 635 1399 numeratur.
659 1330 738 1396 haec
757 1350 776 1396 a
792 1329 852 1395 def.
864 1331 896 1394 Π
917 1330 1039 1395 duabus
1056 1334 1181 1395 tantum
1203 1329 1296 1396 rebus

200 1434 314 1501 differt.
337 1434 403 1501 illic
422 1435 503 1498 enim
522 1451 580 1513 per
598 1424 791 1515 ἐμπορικήν,
806 1431 857 1495 hic
875 1449 932 1511 per
947 1423 1128 1514 καπηλικήν
1140 1429 1297 1495 descendi·

199 1539 268 1616 tnr;
288 1535 351 1601 illic
366 1553 429 1599 non
442 1524 651 1615 αὖτοπωλική
665 1532 722 1598 sed
734 1524 949 1614 μεταβλητική
960 1530 1134 1611 placuerat,
1147 1529 1196 1594 bic
1209 1531 1296 1594 utra·

200 1653 263 1716 que
282 1635 462 1700 admittitur
475 1628 531 1717 (τόι
547 1631 607 1714 μὲν
631 1622 822 1712 ὠνούμενος,
853 1625 893 1693 τὰ
920 1627 956 1695 δὲ
977 1629 1031 1694 καὶ
1052 1622 1298 1711 τεκταινόμενος

200 1725 322 1817 αὐτός).
345 1738 380 1800 at
393 1735 426 1798 in
441 1733 717 1808 consummatione,
741 1748 824 1811 quae
845 1730 976 1797 subinde
999 1730 1151 1809 sequitur,
1174 1728 1296 1810 insigne

200 1835 312 1901 vitium
324 1835 382 1898 est.
395 1850 465 1897 cum
478 1833 560 1897 enim
574 1832 613 1896 ab
625 1823 819 1918 ἀγοραστικῇ
830 1849 886 1912 per
899 1821 1128 1914 αὖτσπωλικῆν
1139 1829 1297 1908 simulque

198 1951 256 2015 per
267 1926 502 2020 praediscendo
514 1926 744 2017 κάκαπηλικήν
755 1932 1007 2000 descendendum
1019 1934 1295 2014 fuisset,perverse

199 2025 395 2121 ἆγοραστικῇ
415 2052 499 2100 nunc
519 2033 752 2116 subiunguntur
773 2030 953 2120 καπηλικὸν
973 2028 1039 2098 εἴτε
1055 2025 1296 2111 αὕτοπωλικόν,

200 2125 409 2222 ἀμφοτέρως,
430 2139 584 2215 tanquam
603 2134 681 2200 haec
700 2135 757 2200 sibi
779 2141 884 2202 essent
898 2136 1044 2216 opposita
1064 2139 1096 2200 et
1114 2155 1177 2200 non
1192 2134 1297 2216 potins

199 2230 361 2320 καπηλική
389 2255 461 2302 cum
484 2233 657 2322 ἐμπορικῇ,
678 2227 887 2320 αὖτοπωλική
909 2255 981 2302 cum
1002 2235 1220 2323 μεταβλητική
1242 2253 1297 2300 on·

200 2338 254 2400 tea
281 2333 618 2416 fuissentcopulatae.
648 2335 696 2398 ito
727 2336 765 2398 ut
792 2335 916 2400 animus
943 2340 1052 2400 averet
1073 2336 1179 2401 delere
1199 2334 1296 2400 verba

200 2429 267 2499 εἴτε
296 2426 527 2500 αὖτοπωλικόν
547 2425 744 2521 ἀμφοτέρως
766 2433 849 2516 (eum
874 2437 958 2500 enim
978 2439 1150 2516 utrumque
1171 2435 1295 2500 divisio-

200 2537 249 2601 nis
269 2537 447 2601 membrum
469 2536 531 2602 huc
552 2536 718 2617 pertineat,
745 2540 915 2614 utrumque
937 2538 1064 2617 poterat
1090 2534 1206 2617 omitti)
1236 2534 1297 2601 nisi

198 2638 234 2700 et
255 2636 483 2701 consummatio
506 2636 602 2702 2311)
625 2654 764 2702 errorem
785 2634 938 2715 firmaret,
967 2635 1021 2699 ubi
1043 2633 1122 2699 haec
1141 2634 1211 2714 ipsa
1233 2634 1296 2699 duo

200 2735 341 2800 membra
362 2728 523 2821 καπηλική
546 2740 578 2801 et
598 2727 809 2820 οὕτοπωλική
833 2736 962 2800 tertiam
976 2740 1008 2800 et
1020 2739 1172 2814 quartam
1188 2732 1296 2800 defini·

199 2833 317 2900 tionem
340 2834 489 2916 efficiunt,
511 2841 543 2902 et
564 2837 679 2904 erroris
701 2838 789 2917 origo
815 2834 982 2903 manifesta
1009 2841 1094 2902 esset
1115 2837 1297 2916 comparato

199 2935 323 3000 Politici
333 2936 401 3001 loco
413 2940 473 3000 260
483 2935 517 3014 C,
528 2936 580 3000 ubi
592 2927 802 3023 αὗτοπωλικῆ
814 2955 849 3001 re
859 2955 936 3002 vera
948 2936 1115 3018 opponitur
1124 2928 1296 3020 καπηλική.

200 3070 241 3083 -
263 3036 300 3100 In
324 3034 384 3102 def.
397 3035 435 3116 V,
459 3034 558 3099 med
578 3037 641 3121 τῆς
657 3038 807 3120 κτητικῆς
827 3025 1021 3122 ἆμωνιστικῆ
1040 3060 1072 3102 τι
1094 3033 1194 3120 μέρος
1222 3035 1296 3101 dici-

199 3137 263 3215 tur,
292 3134 377 3215 quod
406 3137 529 3200 rectum
560 3140 609 3200 est
630 3140 854 3216 praeterquam
875 3138 960 3216 quod
982 3156 1044 3202 non
1064 3137 1217 3203 divisione
1240 3136 1297 3202 sed

199 3234 411 3302 subdivisione
433 3236 475 3302 ad
494 3254 563 3301 eam
587 3235 776 3317 pertinebat.
798 3273 838 3283 ——
861 3236 982 3302 Deinde
1004 3231 1214 3322 ἁμιλλητικόν
1235 3259 1295 3320 μα-

199 3336 319 3420 χητικιῖ
351 3336 531 3417 oppositum
558 3337 714 3418 quomodo
737 3338 778 3403 ad
805 3330 958 3421 κτητικήν
989 3339 1147 3418 pertineat
1172 3335 1298 3403 difficile

199 3438 251 3499 est
270 3433 367 3499 dictu.
388 3439 426 3501 ut
447 3434 530 3500 enim
551 3437 760 3503 concedamus
782 3437 1000 3515 Stallbaumic,
1030 3430 1233 3518 ἁμιλλᾶσθαι
1258 3436 1298 3502 de

199 3533 245 3597 eis
265 3531 335 3612 dici,
360 3535 423 3614 ‘qui
444 3552 517 3600 cum
533 3536 596 3601 alio
614 3537 654 3602 de
666 3538 883 3618 praestantiae
897 3538 929 3602 in
950 3536 1056 3618 aliquo
1071 3554 1186 3616 genere
1202 3536 1298 3602 laude

199 3634 341 3713 certent’,
369 3638 477 3701 tamen
499 3635 579 3703 haec
599 3637 672 3703 laus
693 3655 755 3702 non
777 3638 809 3702 vi
830 3655 867 3702 ae
889 3637 1034 3703 manibus
1057 3637 1120 3718 alii,
1150 3637 1204 3718 qni
1227 3656 1298 3703 eam

198 3735 349 3814 possidet,
371 3736 514 3816 eripitur,
537 3736 594 3802 sed
619 3737 876 3817 aspectantibus
898 3740 983 3804 ultro
999 3738 1103 3803 datur.
1119 3735 1235 3804 -Sed
1257 3755 1297 3803 ea

199 3834 354 3915 imprimis
382 3836 487 3917 lepida
515 3837 618 3902 irrisio
642 3836 723 3903 hanc
750 3841 851 3902 totam
871 3844 997 3920 partem
1025 3840 1180 3922 penetrat,
1212 3837 1298 3918 quod

199 3936 239 4022 τῇ
260 3938 400 4024 κτητικῇ,
424 3938 486 4002 arti
496 3936 648 4004 humilem
667 3941 837 4018 quaestum
860 3941 1071 4022 comparandi,
1093 3956 1201 4004 omnes
1216 3939 1296 4003 istae

199 4040 287 4102 artes
308 4038 549 4120 subiunguntur,
572 4057 634 4104 non
657 4039 757 4104 solum
780 4031 1023 4124 ἄσπαλιεοπκῆ,
1046 4031 1220 4124 ἕμπορική,
1240 4061 1295 4102 κα-

199 4130 330 4224 πηλική,
363 4128 588 4226 αὕτοπιολικῆ,
611 4140 666 4205 sed
687 4143 783 4207 etiam
805 4134 974 4228 μαχητικῆ,
1006 4135 1207 4226 ἆμιλλητική,
1230 4138 1296 4225 ἐρι-

199 4236 303 4326 στικῆ,
316 4235 470 4325 δικανική,
483 4233 692 4326 ἐπιδεικτική,
701 4236 940 4327 πολανοορμική
952 4248 985 4307 ct
996 4249 1071 4309 ante
1084 4261 1191 4309 omnes
1208 4242 1295 4309 iden·

199 4340 299 4408 tidem
318 4340 389 4425 ipsa
410 4337 595 4429 σοφιστική.
640 4341 730 4420 Quod
758 4343 899 4409 studium
926 4345 1112 4425 scriptorem
1141 4345 1238 4410 etiam
1260 4362 1297 4411 eo

200 4444 343 4530 addunt,
364 4447 402 4510 ut
424 4444 553 4511 tandem
568 4445 602 4510 in
620 4445 751 4536 κτητικῗ
774 4443 952 4511 inveniatur
968 4445 1124 4529 quaedam
1136 4469 1296 4532 χρηματο-
