3000 5070
723 413 774 518 aa

194 629 287 699 tiatio
316 636 440 698 constet
463 650 481 697 1
512 633 654 701 subiecto
686 640 719 702 ct
741 635 924 718 praedicato
937 636 986 719 18),
1020 633 1089 699 fieri
1117 640 1234 716 potest,
1258 639 1295 699 ut

196 735 283 796 certo
306 733 448 800 subiecto
469 734 630 801 tribuatur
652 738 881 819 praedicatum,
914 737 998 818 quod
1031 736 1060 802 11
1086 741 1203 802 natura
1236 752 1295 801 sua

197 851 259 897 uon
281 835 454 915 conveniat,
477 836 695 903 sedulianum
718 838 759 903 ab
782 856 819 903 eo
840 838 883 903 sit
906 840 939 901 et
959 833 1082 921 ἕτερον,
1104 838 1196 902 ideae
1218 854 1295 901 non-

198 935 280 998 entis
303 936 473 1017 particeps.
497 939 543 1002 sic
559 974 600 983 —
620 933 651 1003 εἰ
669 937 769 1020 θέμις
791 934 899 1003 εἰπεῖν
920 976 960 983 -
974 941 1091 1005 erroris
1108 938 1182 1003 idea
1196 937 1297 1005 oritur

198 1034 307 1100 mixtis
329 1036 484 1117 opinionis
508 1042 541 1102 11
561 1040 723 1105 nou-entis
746 1039 840 1120 ideis}
859 1040 905 1105 sic
928 1059 1017 1105 error
1038 1044 1087 1106 est
1108 1039 1222 1121 opinio,
1247 1038 1298 1102 cui

200 1153 333 1200 non-ens
356 1142 405 1202 est
427 1139 563 1203 mixtum
576 1141 626 1222 59).

296 1236 467 1305 vellicavit
505 1238 589 1304 hanc
624 1239 794 1322 Sophistae
828 1245 953 1322 partem
987 1237 1297 1305 Schaarschmidtius

198 1338 243 1418 (1.
265 1336 391 1419 19811.)
417 1346 598 1422 comparato
621 1342 718 1406 simili
740 1342 907 1407 Theaeteti
928 1341 1006 1421 loco,
1028 1357 1091 1420 quo
1113 1342 1153 1405 de
1181 1357 1296 1414 errore,

199 1455 262 1517 quo
284 1450 379 1519 pacto
401 1459 471 1506 esse
493 1443 604 1522 possit,
627 1444 806 1522 quaeritur.
840 1443 895 1508 ubi
917 1447 1025 1507 tamen
1049 1441 1136 1505 aliud
1156 1441 1297 1522 proposi·

198 1541 269 1602 tum
290 1547 347 1605 est.
375 1559 449 1606 nam
473 1541 624 1622 Sophiste
646 1543 844 1624 obieetivam,
869 1542 1063 1608 Theaetetus
1090 1542 1299 1606 subiectivam

198 1643 316 1706 erroris
337 1646 487 1708 naturam
512 1648 685 1709 scrutatur.
719 1646 775 1710 ille
795 1645 895 1723 docet,
917 1661 1058 1709 errorem
1081 1661 1149 1708 esse
1171 1642 1298 1706 coniun-

198 1743 335 1806 ctionem
347 1744 510 1808 notiouum
527 1747 638 1809 contra
651 1763 759 1809 rerum
775 1750 924 1811 naturam
936 1734 969 1809 ’11
983 1742 1128 1827 θατέρου
1144 1741 1298 1808 effectam.

199 1841 259 1922 hic,
275 1843 432 1922 quomodo
448 1843 518 1909 11111
535 1847 643 1927 possit,
669 1852 706 1911 ut
725 1848 869 1913 notiones
888 1845 1054 1929 cogitando
1067 1849 1297 1927 permutentur,

200 1944 308 2008 studet
330 1945 450 2009 rimari.
476 1945 532 2010 ille
554 1946 812 2028 metaphysicam,
835 1947 886 2013 hic
908 1947 1163 2030 psychologicam
1184 1945 1300 2009 erroris

202 2061 347 2109 caussam
368 2048 582 2127 persequitur.
616 2051 729 2112 neuter
754 2048 852 2114 officit
876 2051 991 2114 neutri.
1023 2066 1216 2128 quamquam
1240 2046 1300 2110 hoc

200 2141 489 2211 Schaarschmidtio
506 2148 738 2213 concedendum
762 2155 821 2227 est,
845 2149 878 2213 id
902 2149 986 2229 quod
1009 2147 1167 2214 efficiatur
1188 2146 1300 2227 Sophi-

198 2250 269 2311 stae
292 2248 331 2311 de
356 2266 393 2312 11
415 2266 451 2312 11
467 2249 680 2331 disputatione
702 2250 854 2332 implicite
872 2250 936 2315 iam
959 2251 1114 2317 contineri
1135 2248 1302 2313 Theaeteti

199 2343 373 2433 ἅ11111ξ11
387 2347 461 2430 (189
471 2350 496 2413 Β
508 2350 569 2430 sq.)
583 2351 796 2431 iteratamque
809 2351 1062 2431 disquisitionem
1077 2352 1181 2415 minus
1201 2348 1300 2414 fuisse

200 2449 421 2513 neeessariam.
452 2451 655 2516 nihilominus
679 2450 766 2516 haud
791 2456 911 2516 temere
937 2451 1017 2517 haec
1040 2453 1158 2517 iterum
1188 2451 1221 2514 in
1244 2449 1301 2515 So-

200 2546 308 2626 phista
328 2548 422 2614 Plato
447 2552 651 2632 exprompsit,
682 2552 777 2632 idque
799 2551 901 2617 lucide
924 2552 1101 2633 apparebit,
1130 2555 1300 2633 postquam

200 2647 277 2728 quid
307 2651 437 2715 taudem
464 2653 533 2717 toto
562 2651 622 2718 hoc
652 2652 732 2717 libro
765 2654 957 2733 spectaverit
987 2655 1049 2718 erit
1077 2672 1097 2717 1
1126 2651 1215 2716 nobis
1250 2669 1299 2715 co·

200 2750 335 2830 gnitum.

302 2851 483 2929 Antequam
505 2850 588 2916 hanc
610 2850 649 2914 de
670 2854 821 2916 non-ente
842 2856 966 2933 partem
987 2851 1202 2931 relinquimus,
1222 2868 1300 2929 pau·

202 2949 245 3014 cis
285 2951 446 3031 tangenda
480 2955 530 3016 est
560 2951 642 3015 mira
675 2951 810 3016 Bonitzii
843 2953 948 3034 opinio
982 2952 1040 3017 sub
1076 2951 1169 3017 finem
1203 2950 1299 3015 libelli

203 3051 247 3132 (1.
271 3050 345 3135 333)
373 3052 545 3132 proposita,
578 3070 653 3132 qua,
687 3052 714 3117 si
745 3059 830 3118 11111
862 3071 944 3134 quae
970 3055 1048 3120 velit
1081 3051 1300 3132 intellegimus,

301 3335 346 3404 58)
364 3334 390 3387 A
403 3351 457 3402 quo
468 3335 596 3403 copulam
608 3336 689 3389 Plato
706 3335 831 3389 nondum
848 3335 953 3390 divisit.
966 3365 1000 3375 —
1017 3334 1179 3389 Transimus
1196 3337 1301 3406 opinio·

201 3422 531 3491 nemRitteri(Gesch.
544 3423 630 3477 d.Plu
642 3423 678 3488 Π,
697 3426 751 3477 248
769 3423 813 3477 ed.
827 3423 861 3494 1.)
881 3423 1100 3478 aBrandieio
1118 3425 1165 3494 (II.
1185 3429 1237 3479 217
1251 3430 1301 3495 eq.)

201 3512 357 3581 probatam,
375 3511 520 3564 Platonem
538 3511 649 3581 linguae
666 3513 793 3580 exemplo
811 3513 995 3566 necessariam
1013 3509 1108 3571 οὐσίας
1121 3518 1150 3566 11
1167 3518 1302 3583 γενέσεως

202 3600 428 3654 coniunctionem
445 3600 566 3654 voluisse
583 3600 716 3665 indicare,
740 3601 782 3654 ita
799 3606 831 3654 ut
856 3595 982 3672 decipiam
1000 3597 1105 3665 οὐσίαν,
1131 3595 1240 3671 ῥήματα
1256 3606 1301 3670 γέ-

202 3706 279 3743 νεσιν
302 3692 520 3757 repraesentent
557 3688 640 3742 Cuius
658 3690 797 3758 opinionis
823 3690 900 3743 nullo
925 3690 1012 3744 verbo
1033 3707 1049 3743 a
1067 3690 1182 3743 Platone
1199 3691 1303 3745 indica·

201 3782 248 3830 tae
266 3777 290 3829 si
308 3793 362 3844 qna
380 3781 423 3829 est
440 3777 552 3840 veritas,
571 3778 646 3845 quod
663 3778 791 3846 equidem
811 3778 1006 3840 dubitaverim,
1036 3782 1113 3832 certe
1137 3783 1237 3832 extra
1253 3797 1302 3833 no·

202 3870 292 3919 strum
311 3864 452 3934 dialogum
473 3869 516 3917 eat
535 3865 702 3932 quaerenda.

304 3952 567 4021 59)Parm‚13302
592 3948 654 4004 doru
678 3953 733 4008 τῶν
755 3953 839 4008 ἰδεῶν
863 3950 932 4022 πρὸς
957 3946 1071 4018 ἀλλήλας
1087 3954 1159 4005 riola
1176 3956 1300 4015 1111111,

204 4038 283 4096 αὐταὶ
307 4038 377 4111 πρὸς
394 4039 477 4101 αἰτὰς
493 4037 542 4108 τὴν
560 4036 657 4095 οὐσίαν
674 4042 794 4112 ἔχουσιν,
814 4038 872 4093 ἀλλ’
891 4037 923 4093 οὐ
941 4037 1012 4111 πρὸς
1029 4037 1062 4092 τὰ
1080 4040 1146 4108 παρ’
1163 4037 1232 4109 ἡμῖν
1248 4046 1300 4093 εἴτε

202 4125 368 4202 ὁμοιώματα
393 4135 446 4184 εἴτε
472 4125 527 4202 Suq
553 4124 589 4196 δή
606 4148 646 4188 τες
662 4125 731 4183 αὐτὰ
750 4135 861 4197 τίθεται,
887 4115 927 4183 ὧν
950 4128 1028 4199 ἡμεῖς
1052 4129 1300 4200 perquireremus

205 4217 308 4272 ἕκαστα
322 4212 571 4290 ἐπονομαζόμεθα·
589 4214 623 4271 τὰ
635 4218 667 4271 dl
681 4208 746 4288 παρ’
762 4215 831 4290 ἡμῖν
841 4217 933 4283 ταῦτα,
946 4210 1082 4288 ὁμώνυμα
1100 4211 1300 4282 deuoluimur,

203 4303 270 4360 αὐτὰ
290 4298 325 4360 αὖ
340 4303 411 4378 πρὸς
427 4300 496 4358 αὑτά
514 4307 590 4359 ἐστιν
607 4301 666 4358 ἀλλ’
684 4302 716 4358 οὗ
734 4303 805 4378 πρὸς
820 4303 855 4359 τὰ
875 4305 944 4370 εἴδη,
964 4307 1010 4357 καὶ
1034 4303 1146 4370 ἑαυτῶν,
1170 4298 1228 4354 ἀλλ’
1251 4299 1301 4356 οὐκ

205 4395 318 4450 ἐκείνων
327 4391 382 4448 ὅσα
402 4385 435 4447 αὖ
453 4390 614 4467 ὀνομάζεται
636 4390 727 4453 οὕτως.
764 4394 818 4458 Sic,
836 4392 913 4462 quod
931 4391 968 4448 ud
985 4391 1129 4447 domiuum
1147 4407 1253 4453 1111111,
1271 4391 1302 4445 id

205 4482 242 4536 ad
259 4481 366 4537 domiui
383 4483 474 4538 ideam
491 4483 566 4538 servi
582 4483 646 4537 idea
663 4487 706 4536 est
724 4486 777 4535 etc
