3000 5070
798 403 838 470 36

268 594 374 656 censet
393 588 561 655 Platonem
591 587 623 652 in
645 586 795 669 Sophiste
825 585 924 651 errori
949 587 1068 653 realem
1090 608 1118 671 q.
1142 586 1171 654 d.
1197 588 1365 656 essentiam

268 689 426 755 vindicare
447 688 591 768 voluisse,
612 688 659 753 ita
680 691 716 752 ut
737 685 820 754 falsa
841 687 977 752 duarum
1006 689 1168 755 notionum
1188 689 1365 755 coniunctio

267 809 331 856 non
362 791 393 856 in
422 793 529 857 mente
556 789 625 854 sola
645 788 700 853 sed
722 788 818 853 etiam
841 788 874 853 in
895 787 966 870 ipsa
984 807 1091 854 rerum
1111 793 1228 854 natura
1248 790 1366 854 inveni·

267 896 365 969 retur,
388 891 421 955 io
436 906 536 971 eoque
555 889 725 971 proposito,
751 907 822 954 cum
838 907 976 955 errorem
996 890 1036 954 ad
1050 889 1194 956 veritatis
1215 889 1365 955 honorem

268 991 413 1058 studeret
434 991 597 1069 extollere,
618 989 765 1054 nimirum
794 987 891 1054 fnisse
922 989 1051 1056 frustra.
1085 991 1125 1056 ad
1148 1009 1229 1071 quae
1250 990 1367 1055 exami-

268 1092 374 1157 nanda
396 1090 538 1173 paullum
562 1089 777 1170 respiciamus.
821 1089 927 1171 Negat
954 1089 1104 1170 sophista,
1139 1108 1276 1155 errorem
1300 1107 1367 1155 esse

266 1208 367 1273 posse,
391 1209 461 1258 cum
479 1207 587 1263 errore
604 1188 752 1254 credatur
773 1187 813 1265 id,
838 1189 920 1268 quod
935 1207 997 1253 non
1020 1190 1071 1269 sit,
1094 1183 1132 1254 ad
1154 1184 1199 1275 μή
1224 1178 1270 1255 ὅν.
1291 1189 1367 1270 quid

267 1290 318 1358 hic
338 1289 454 1357 dicitur
475 1306 537 1355 non
556 1289 647 1355 esse?
680 1307 744 1354 non
765 1287 916 1368 notiones
945 1287 1000 1354 sed
1022 1290 1185 1354 notionum
1209 1288 1366 1354 contraria

267 1392 396 1459 veritati
417 1390 602 1458 coniunctio.
635 1390 761 1469 iamque
782 1407 853 1454 cum
876 1387 969 1454 Plato
992 1391 1189 1470 propositum
1211 1387 1366 1470 significet

267 1491 381 1556 241D:
410 1480 583 1573 ἀναγκαῖον
610 1482 786 1571 βιάζεσθαι
813 1481 852 1553 τό
880 1511 916 1553 τε
936 1484 980 1576 μὴ
1002 1482 1039 1555 dv
1068 1483 1114 1567 ὦς
1137 1485 1207 1554 ἔστι
1227 1481 1311 1552 κατά
1334 1509 1366 1551 τι

266 1591 321 1656 καὶ
351 1585 390 1656 τὸ
414 1583 451 1656 dv
472 1575 513 1654 αὖ
535 1583 635 1653 πάλιν
655 1584 702 1666 ὥς
723 1581 786 1655 οὐκ
811 1584 882 1655 ἔστι
911 1613 968 1675 πῃ,
1000 1593 1101 1656 oritur
1133 1589 1260 1672 species,
1294 1605 1366 1653 eum

266 1709 379 1758 revera
398 1693 534 1759 voluisse
553 1690 654 1757 falsae
675 1692 840 1756 notionum
861 1692 1072 1758 coniunctioni
1085 1692 1244 1758 vindicare
1265 1689 1365 1755 obiec-

267 1792 365 1856 tivam
388 1792 568 1859 essentiam.
599 1791 651 1857 sed
675 1792 755 1856 illud
769 1786 840 1856 ἔστι
854 1786 935 1856 κατά
947 1814 989 1873 τι,
1012 1789 1082 1857 ἔστι
1097 1816 1145 1878 πῃ
1162 1796 1250 1857 vetat
1270 1788 1366 1856 verba

266 1909 411 1973 premere
433 1892 532 1958 donec
548 1896 640 1960 tanta
661 1895 787 1957 emanet
807 1892 936 1973 ineptia,
968 1896 1121 1974 patetque
1149 1891 1291 1973 oxymori
1318 1884 1365 1953 ‘ad

265 1987 311 2079 μὴ
334 1985 371 2058 ὃν
395 1987 475 2058 aevu
496 2011 559 2058 non
582 1994 612 2057 in
635 2011 669 2058 se
689 1994 755 2075 ipso
773 1993 828 2058 sed
845 1994 876 2058 in
891 1993 944 2072 eis,
968 2012 1050 2075 quae
1065 1998 1247 2075 sequantur,
1272 2009 1366 2074 quae

265 2094 398 2159 rendam
413 2111 481 2159 esse
496 2092 746 2175 explicationem.
772 2101 821 2160 est
842 2099 949 2160 autem
973 2095 1032 2160 hoc
1055 2086 1100 2178 μὴ
1123 2082 1161 2158 tt
1172 2093 1305 2170 Platoni,
1329 2095 1366 2156 ut

266 2196 411 2274 vidimus,
432 2189 471 2260 τὸ
490 2190 610 2277 ἕτερον.
634 2195 761 2274 iamque
777 2196 805 2260 si
828 2194 961 2261 dixisset
986 2189 1032 2257 ‘cd
1055 2190 1101 2278 μή
1125 2184 1163 2259 ὅν
1184 2198 1233 2261 est
1253 2189 1365 2277 ἕτερον

266 2280 332 2374 r'r‘v',
364 2299 450 2358 recte
477 2293 706 2374 quodammodo
735 2312 805 2358 cum
830 2293 972 2358 Bonitzio
995 2297 1200 2375 putaremuS,
1224 2310 1363 2360 errorem

266 2391 365 2473 accipi
382 2409 440 2473 pro
454 2393 598 2458 veritate.
615 2410 688 2456 nam
701 2390 782 2456 falsa
793 2391 957 2457 notionum
966 2394 1084 2460 iunctio
1097 2394 1256 2458 diceretur
1267 2397 1363 2473 recta,

266 2510 377 2558 verum
391 2493 456 2559 alia
467 2498 564 2574 atque
579 2511 625 2572 ea,
640 2492 679 2557 de
691 2511 754 2574 qua
771 2497 932 2575 ageretur.
968 2495 1010 2560 At
1022 2494 1114 2561 Plato
1125 2487 1164 2559 ad
1185 2487 1230 2577 μὴ
1249 2482 1287 2558 ὅν
1301 2510 1364 2557 non

170 2640 181 2658 .
266 2594 341 2659 dicit
363 2589 476 2676 ἕτερον
499 2581 537 2658 ὅν
560 2593 617 2658 sed
639 2587 751 2676 ἓιερον
771 2594 834 2658 τοῦ
855 2582 951 2671 ὄντος
967 2613 1066 2676 eaque
1090 2614 1125 2661 re
1139 2594 1364 2677 pedetemptim

266 2713 286 2758 a
307 2693 439 2760 subiecti
466 2699 498 2760 et
525 2693 701 2776 praedicati
730 2694 888 2760 iunctione
915 2689 954 2759 ad
975 2689 1020 2779 μὴ
1041 2683 1079 2759 ὅν
1101 2697 1120 2760 i.
1144 2714 1170 2760 e.
1191 2689 1230 2760 τὸ
1252 2688 1364 2777 ’ἕτερον

265 2792 419 2861 transfert
439 2793 480 2859 ad
501 2793 603 2876 ipsum
616 2794 844 2875 praedicatum,
866 2795 1037 2876 paulloque
1057 2799 1129 2877 post
1150 2795 1365 2861 enuntiatione

265 2895 298 2959 in
320 2893 497 2959 subiectum
525 2896 557 2957 et
578 2893 797 2974 praedicatum
821 2894 919 2961 divisa
941 2895 1008 2961 veri
1028 2893 1162 2977 falsique
1184 2914 1254 2960 eam
1277 2894 1363 2959 exhi·

265 2992 320 3058 bet
341 2991 566 3072 definitionem,
589 3010 652 3072 qua
677 2993 839 3058 meliorem
870 2996 978 3061 nullus
1003 2995 1206 3078 philosophus
1234 2995 1363 3074 invenit,

269 3113 378 3160 verum
410 3111 487 3174 esse,
521 3111 593 3158 cum
623 3095 663 3159 de
690 3094 829 3162 subiecto
855 3095 1057 3178 praedicetur
1080 3096 1164 3179 quod
1196 3098 1224 3162 ei
1247 3102 1364 3162 natura

267 3213 326 3261 sua
349 3194 523 3278 (obiective,
544 3193 688 3277 realiter)
713 3196 882 3278 contingat,
913 3197 1036 3274 falsum,
1071 3215 1140 3262 curn
1162 3197 1204 3276 id,
1236 3197 1363 3278 quoda

266 3294 407 3361 subiecto
429 3300 544 3360 natura
564 3313 670 3360 rerum
693 3297 734 3362 sit
759 3298 906 3363 alienum.
938 3298 982 3362 sic
1004 3297 1118 3363 erroris
1141 3297 1311 3363 existentia
1332 3316 1360 3380 q.

267 3394 296 3460 d.
323 3396 467 3476 exemplo
498 3397 636 3461 sumitur
660 3433 698 3442 —
720 3415 822 3477 neque
844 3398 983 3479 profecto
1010 3397 1102 3463 aliter
1122 3416 1217 3479 quam
1241 3416 1280 3463 ex
1303 3416 1362 3464 usu

267 3497 409 3559 statuere
434 3512 505 3560 eam
536 3495 612 3562 licet
636 3533 682 3576 -‚
713 3496 902 3578 possibilitas
925 3503 1031 3562 autem
1054 3516 1095 3564 ex
1116 3515 1162 3576 eo,
1186 3498 1269 3579 quod
1290 3498 1362 3564 sub·

266 3594 348 3660 iecto
370 3601 503 3674 possunt
527 3597 656 3678 propria
677 3597 863 3678 praedicata
893 3591 946 3679 (τὰ
969 3586 1069 3682 ὄντα),
1102 3602 1234 3680 possunt
1265 3599 1362 3664 etiam

267 3697 370 3763 aliena
393 3692 447 3780 (τὰ
466 3693 510 3785 μὴ
532 3689 624 3783 ὄντα)
646 3700 785 3780 attribui,
800 3703 956 3781 quatenus
976 3701 1090 3766 mentis
1112 3699 1247 3766 errantis
1267 3701 1362 3766 ratio·

267 3814 307 3861 ne
336 3815 399 3864 non
428 3797 538 3865 habita
559 3797 628 3864 fieri
650 3804 764 3880 potest,
793 3799 968 3864 luculenter
996 3799 1171 3866 deducitur.
1214 3803 1257 3866 Et
1285 3799 1363 3865 haec

267 3897 394 3977 quidem
416 3903 525 3965 contra
546 3888 733 3978 Bonitzium,
764 3900 917 3982 siquidem
939 3903 1136 3983 assequimur
1156 3919 1237 3983 quae
1259 3901 1363 3966 minus

266 3997 377 4075 lucide,
401 4015 496 4078 quam
519 4002 646 4080 assolet,
669 4002 824 4082 exposuit.
858 4001 1007 4068 Ceterum
1028 4002 1172 4085 probavit
1192 4001 1273 4066 hanc
1296 4001 1361 4081 opi·

188 4114 191 4119 ’
266 4097 392 4163 nionem
415 4097 567 4181 Albertio,
598 4101 653 4182 qui
680 4101 720 4165 ad
749 4120 818 4167 eam
845 4102 1064 4183 explicandam
1087 4108 1119 4167 et
1139 4100 1360 4166 illustrandam

267 4215 305 4262 ea
332 4195 426 4262 affert
455 4199 530 4281 (Rh.
553 4201 635 4267 Mus.
662 4203 753 4266 1866.
775 4222 805 4284 p.
823 4204 908 4285 195),
943 4220 1025 4283 quae
1052 4203 1237 4284 intellegere
1272 4202 1362 4267 nobis

267 4297 394 4377 quidem
417 4297 527 4365 datum
558 4319 620 4367 non
649 4306 706 4368 est.
743 4303 786 4367 'ta
808 4307 853 4381 ut,
886 4303 945 4368 nisi
975 4304 1078 4369 iocum
1110 4302 1250 4370 excludit
1279 4305 1361 4368 niro·

266 4415 338 4462 rum
359 4399 509 4484 gravitas,
532 4402 656 4486 dixeris,
678 4401 855 4486 Albertium
875 4403 1009 4472 Bonitzii
1039 4405 1203 4472 candelam
1230 4403 1360 4471 funden·
