3000 5070
757 464 759 471 ,
775 397 816 464 48

244 581 285 652 ad
306 582 566 652 sensualistarum
590 599 755 650 commune
777 599 849 649 cum
869 582 1029 649 Heraclito
1050 579 1248 665 principium,
1269 596 1339 664 per-

244 690 374 767 petuam
395 684 536 750 omnium
558 701 641 764 quae
663 688 738 749 sunt
758 681 891 768 κίνησιν,
914 687 1016 749 itaut
1037 684 1087 762 sit,
1113 683 1198 764 quod
1215 699 1339 748 movea-

243 792 304 868 tur,
327 790 494 854 moveatur
513 786 597 867 quod
618 785 667 866 sit,
692 780 786 850 odoia
805 790 838 850 et
858 783 980 869 κίνησις
1002 784 1067 851 sint
1083 784 1167 851 idem
1178 786 1225 860 ⁸⁰).
1258 782 1340 862 Quid

242 889 340 954 vero?
375 886 547 955 refutatam
567 886 631 952 iam
652 887 684 951 in
710 886 883 952 Theaeteto
905 886 994 952 illam
1015 886 1192 967 opinionem
1214 903 1271 953 cur
1290 884 1341 950 hic
1370 885 1374 891 ’

218 998 225 1011 ·
243 987 335 1055 Plato
357 988 509 1055 revocat?

341 1090 506 1171 Tanquam
529 1094 634 1155 mater
655 1106 776 1166 amans,
799 1092 949 1169 aegrotus
972 1089 1022 1154 cui
1042 1088 1125 1154 iacet
1144 1085 1256 1166 inians,

339 1188 444 1255 Anxia
465 1190 650 1270 conquirens
669 1187 783 1254 herbas
808 1190 973 1270 dirumque
995 1205 1151 1254 venenum

338 1289 459 1356 Balnea
478 1293 585 1356 mente
606 1295 699 1371 parat
719 1291 798 1356 scita
817 1290 980 1369 medicata,
1004 1290 1133 1370 suisque

338 1390 504 1474 Immergit
525 1391 669 1456 manibus
691 1391 782 1470 pueri
804 1391 962 1472 torpentia
982 1388 1133 1467 membra,

262 1513 265 1521 ·
339 1491 386 1558 Ut
407 1491 538 1557 redeant
559 1492 672 1558 misero
693 1492 893 1573 vegetamina
915 1492 1020 1572 prisea
1044 1489 1212 1569 salusque:

338 1590 383 1656 At
404 1589 537 1656 simulac
558 1589 641 1670 iecit,
663 1607 703 1655 ne
723 1589 787 1655 sint
808 1590 1015 1655 medicamina
1034 1606 1147 1666 nonae,

338 1692 515 1757 Damnosas
537 1689 668 1756 effundit
689 1709 788 1772 aquas
808 1691 958 1771 virusque
979 1689 1120 1757 recondit
1144 1722 1179 1734 -

240 1791 383 1858 similiter
396 1792 490 1856 Plato
512 1791 680 1856 volubilem
700 1791 787 1856 illam
811 1809 849 1856 aa
869 1790 1023 1856 fervidam
1043 1781 1200 1874 κινήσεως
1219 1784 1338 1851 undam

238 1893 452 1975 praeparavit,
474 1909 571 1972 quam
593 1891 741 1958 adhibeat
769 1891 811 1956 ad
838 1890 1043 1957 animandum
1074 1895 1107 1956 et
1136 1883 1338 1953 excitandum

239 1993 376 2075 rigidum
397 1993 476 2060 illud
499 2011 536 2058 ao
556 2009 658 2073 paene
678 1998 857 2058 emortuum
877 1991 1066 2058 Eleatarum
1088 1978 1134 2070 άν,
1166 1984 1337 2055 adhibitam

238 2109 312 2160 vero
333 2093 457 2179 κίνησιν
476 2112 554 2161 1111
584 2093 714 2176 regioni,
738 2089 870 2177 γενέσει,
893 2093 1004 2158 atatim
1026 2092 1178 2156 remittat.
1221 2088 1338 2152 Trans·

238 2192 302 2260 fert
322 2195 405 2259 1111111
432 2193 557 2279 κίνησιν
582 2195 671 2260 illam
697 2212 754 2259 seu
784 2188 997 2276 clavomaco
1019 2194 1130 2257 ποιεῖν
1149 2183 1170 2276 ἢ
1190 2182 1338 2268 πάσχειν,

239 2294 288 2360 cui
308 2292 431 2377 γένεσιν
450 2299 576 2362 tantum
592 2295 724 2361 Eleatae
745 2294 938 2372 tribuebant,
961 2293 1057 2359 etiam
1075 2282 1253 2369 adeliciae,
1275 2287 1337 2369 pri·

238 2396 579 2476 mum-demonstrans,
614 2385 737 2478 οὐσίαν,
771 2400 929 2476 quatenus
957 2398 1171 2478 cognoscatur,
1207 2395 1338 2458 eatenus

238 2495 357 2561 moveri
390 2511 515 2575 quoque
547 2494 788 2576 quodammodo,
822 2532 856 2542 -
891 2497 930 2562 de
969 2513 1032 2577 quo
1063 2498 1193 2576 postea;
1226 2490 1338 2556 deinde

198 2633 201 2639 ·
238 2595 420 2662 exclamans
430 2597 479 2675 ⁸¹),
500 2597 548 2681 τῷ
563 2595 732 2673 παντελῶς
751 2583 821 2660 ὄντι
837 2596 991 2679 derogare
1006 2597 1091 2673 ναῦν,
1114 2588 1208 2680 ζωὴν,
1230 2587 1339 2678 ψυχὴν

239 2699 272 2758 11
291 2696 461 2775 propterea
481 2692 614 2780 κίνησιν,
637 2695 669 2762 id
689 2713 760 2762 1111
784 2694 883 2764 nefas.
927 2695 1086 2777 Sequitur,
1108 2687 1147 2758 cd
1168 2691 1338 2769 παντελῶς

237 2783 275 2859 ὅν
299 2796 417 2862 moveri
431 2796 488 2879 82);
518 2814 652 2878 cumque
679 2797 776 2877 igitur
801 2796 841 2876 id,
863 2797 947 2878 quod
969 2795 1120 2876 omnibus,
1150 2797 1337 2876 quaesunt,

236 2913 400 2964 commune
421 2896 471 2978 sit,
493 2895 616 2982 κίνησις
636 2897 696 2963 sit:
720 2892 758 2962 cd
783 2900 949 2963 κινεῖσθαι
967 2897 1092 2963 videtur
1108 2913 1176 2961 1111
1190 2889 1229 2960 τὸ
1244 2884 1336 2972 εἶναι,

235 2992 274 3061 τὸ
296 2991 485 3079 κινούμενον
510 3001 618 3063 autem
638 2991 675 3061 σὸ
700 2988 748 3076 ὅν,
774 3015 870 3078 quam
883 2999 1073 3065 sententiam
1083 2998 1185 3075 Plato,
1209 3012 1280 3060 cum
1299 2988 1338 3058 ad

236 3085 433 3162 ciceastre
455 3085 638 3163 donamina
662 3133 700 3144 -—
722 3092 910 3164 ut'vidimus
933 3135 968 3145 -
992 3114 1055 3163 non
1078 3096 1260 3178 distinguat,
1284 3112 1337 3160 ex·

236 3196 353 3278 pressit
373 3197 433 3263 sic:
465 3196 519 3263 καὶ
545 3190 584 3264 τὸ
607 3190 798 3280 κινούμενον
826 3192 865 3283 δὴ
894 3197 948 3263 καὶ
968 3196 1093 3283 κίνησιν
1114 3192 1338 3280 συγχωρητέον

235 3290 282 3373 αἱς
302 3284 380 3363 ὄντα
395 3297 444 3380 ⁸⁸).
488 3296 652 3364 Hactenus
675 3299 811 3379 scriptor
828 3317 899 3365 cum
921 3297 1145 3377 materialistis‚
1167 3301 1337 3378 postquam

235 3395 276 3463 ad
298 3397 545 3465 sensualismum
565 3414 620 3465 eos
641 3400 806 3481 convertit,
827 3405 938 3467 contra
959 3393 1056 3464 εἰδῶν
1070 3394 1189 3485 φίλους
1204 3398 1335 3478 pugnat,

240 3582 438 3595 Qun-—

336 3697 382 3767 80)
401 3696 493 3753 Proba
510 3698 662 3754 tenendum
681 3704 732 3765 111,
753 3704 860 3768 κίνησιν
879 3705 907 3755 11
923 3693 1045 3762 δύναμιν
1061 3699 1109 3755 τοῦ
1128 3705 1218 3755 ποιεῖν
1245 3692 1261 3768 ἢ
1286 3692 1338 3753 πά·
1393 3730 1396 3734 «

234 3802 312 3858 σχειν
330 3785 376 3841 hic
396 3802 512 3857 prorsus
530 3804 590 3843 1111
607 3787 688 3843 idem.
716 3806 781 3843 nam
800 3786 831 3843 τὸ
850 3795 941 3845 ποιεῖν
959 3778 987 3844 11
1004 3787 1035 3844 τὸ
1054 3782 1175 3861 πάσχειν
1192 3805 1248 3842 non
1266 3782 1337 3853 κινή·

233 3890 290 3934 orac
309 3874 443 3929 suntsed
462 3875 563 3946 ἔκγονα
584 3870 714 3943 κινήσεως
727 3877 821 3946 (sicuti
839 3872 1000 3950 δυνάμεως),
1020 3895 1089 3948 quae
1108 3882 1136 3932 et
1147 3875 1269 3931 faciendi
1281 3877 1338 3942 (τοῦ

232 3964 332 4038 ποιεῖν)
354 3965 382 4016 11
400 3959 486 4016 fiendi
503 3963 561 4030 (τοῦ
580 3956 709 4035 πάσχειν)
736 3965 816 4034 quasi
834 3971 877 4021 eat
893 3971 991 4021 mater.
1022 3966 1056 4021 11.
1076 3965 1188 4019 Theaet.
1209 3963 1299 4020 156A.

333 4049 378 4118 81)
397 4048 481 4105 Secus
500 4051 709 4119 Hayduckio
727 4055 848 4123 p.2n.3
867 4054 957 4109 visum
973 4059 1024 4108 est.

332 4138 377 4205 82)
394 4137 478 4193 Deest
495 4139 564 4194 haec
583 4142 724 4196 conclusio
757 4141 803 4212 (cf.
814 4142 933 4196 Bonita
951 4160 979 4212 p.
991 4143 1044 4197 299
1057 4161 1085 4197 n.
1100 4145 1159 4211 11);
1177 4141 1225 4197 vix
1240 4145 1335 4196 tamen

234 4240 267 4279 11
284 4240 431 4294 possumus
450 4243 555 4292 carere,
572 4229 720 4298 nescioquo
739 4246 775 4284 111
793 4229 937 4286 exciderit.

333 4314 380 4386 83)
397 4317 450 4371 249
458 4315 489 4371 B.
512 4316 566 4371 niai
585 4316 658 4373 forte
676 4318 745 4374 haee
767 4335 876 4389 quoque
894 4319 980 4375 verba
1003 4318 1049 4389 (cf.
1070 4324 1129 4376 not.
1147 4317 1251 4388 praec.)
1277 4332 1337 4372 cor·

233 4403 372 4473 ruptionis
390 4409 456 4460 aunt
474 4405 633 4475 participia.
