3000 5070
819 406 860 467 62

293 587 380 651 ideas
392 585 468 650 licet
488 584 646 657 collidere.
676 586 786 666 Immo,
808 604 879 651 cnm
902 587 1029 651 modum
1053 587 1191 665 intueor,
1214 604 1285 669 qno
1307 590 1401 655 adhi-

290 688 393 763 betur,
415 687 480 751 reri
493 685 626 749 similius
639 686 714 749 milri
730 686 855 751 ridetur
876 706 955 752 csse.
980 688 1078 753 luisse
1099 688 1202 769 ipsam
1220 688 1311 756 hanc
1326 708 1400 755 oon-

290 792 460 857 clusionem
472 790 562 869 quasi
574 791 772 869 pontemqui
784 790 949 853 l'latoncm
961 790 1001 853 ad
1015 790 1104 854 ideas
1115 790 1315 855 traduxerit.
1328 789 1401 869 Quo

289 893 371 957 enim
395 892 463 954 iure
484 891 528 955 sic
551 890 718 954 concludat
741 890 808 970 ipsc
827 892 905 955 satis
925 890 1021 955 dixit:
1043 880 1129 953 a’iid
1142 884 1211 973 μὴν
1228 883 1272 955 τό
1287 912 1326 973 γε
1345 889 1400 955 δσ-

290 987 387 1055 miv
413 1014 460 1075 τῳ
483 988 739 1073 παραγίγνεσθαι
763 990 814 1053 wi
836 982 1072 1072 σίισγίγνεσθαι
1100 984 1236 1067 πάντως
1256 980 1348 1054 εἶναι
1366 988 1400 1055 τὶ

289 1087 454 1178 φήσουσιν
475 1091 611 1173 (attii),
640 1108 741 1169 caque
768 1108 880 1155 caussa
915 1091 994 1155 adca
1025 1088 1172 1155 sulficere
1196 1090 1227 1154 ei
1256 1090 1400 1171 videtur,

288 1200 326 1256 ut
338 1191 611 1256 nematerialistis
629 1191 756 1270 quidem
768 1191 847 1254 satis
861 1191 1047 1256 verecundis
1067 1192 1186 1256 reicere
1206 1208 1282 1255 mm
1303 1196 1401 1273 putet

288 1292 393 1357 licere,
437 1290 541 1368 Quam
566 1308 639 1355 vero
663 1290 816 1355 naturalis
837 1298 869 1354 ct
893 1308 950 1371 pcr
970 1310 1005 1355 sc
1032 1290 1193 1371 patensei
1215 1288 1299 1355 llaec
1323 1308 1400 1357 oon-

289 1394 386 1458 clusio
407 1393 563 1467 videatur,
587 1392 708 1473 optime
729 1391 832 1457 clucet
853 1410 892 1456 ox
915 1412 962 1469 eo,
981 1393 1074 1473 quod,
1094 1398 1270 1473 postquam
1283 1391 1401 1457 docue-

288 1494 331 1557 rit
344 1487 391 1558 ‘cd
415 1482 619 1556 dimovetur
639 1499 673 1555 et
693 1490 779 1569 stat,
803 1492 924 1567 ciclade,
948 1493 1092 1573 quamvis
1112 1489 1278 1556 nonnullis
1298 1492 1400 1558 inter·

288 1592 401 1673 positis
422 1611 462 1657 ne
484 1598 609 1673 repetat
629 1592 755 1672 quidem
789 1592 875 1657 illam
906 1594 1107 1670 sententiam,
1140 1591 1207 1669 sed,
1234 1596 1397 1674 tanquam

289 1691 421 1757 adderet
442 1710 525 1771 quae
545 1692 577 1755 in
601 1711 640 1756 oa
660 1691 754 1755 simul
772 1692 921 1755 contineri
942 1710 1034 1756 cremo
1051 1709 1112 1757 non
1127 1691 1258 1771 videret,
1282 1692 1398 1757 statim

288 1792 469 1856 introducat
493 1791 739 1857 conclusionem:
773 1792 880 1855 ‘motio
908 1798 942 1855 ut
971 1793 1068 1857 statio
1099 1793 1184 1856 snnt’
1213 1791 1314 1857 250B
1327 1792 1396 1875 m).

290 1891 488 1972 Quamquam
509 1898 626 1969 autem,
650 1898 687 1956 ut
708 1892 849 1970 vidimus,
866 1892 1106 1957 luridamontum
1124 1890 1285 1973 quoddam
1303 1893 1396 1959 idea·

288 2011 360 2056 rum
379 1993 542 2058 doctrinae
565 1993 662 2057 etiam
684 1992 861 2073 eSophista
885 1994 984 2073 repeti
1007 1996 1123 2075 potest,
1139 1998 1250 2056 tamen
1270 1994 1392 2073 omnia,

288 2110 371 2173 quae
384 2094 447 2158 huc
459 2094 628 2175 pertinent,
649 2094 743 2159 nimis
754 2094 893 2157 breviter
907 2095 1138 2175 transiguntur,
1159 2111 1256 2174 quam
1273 2093 1395 2174 quilius

289 2196 365 2259 solis
391 2195 440 2258 vel
466 2195 576 2275 primis
599 2195 764 2259 Platonem
797 2193 885 2259 ideas
913 2195 1052 2275 posuisse
1077 2193 1121 2257 sit
1140 2191 1324 2273 verisimile,
1360 2193 1398 2260 id

290 2296 374 2376 quod
395 2313 492 2374 supra
512 2296 723 2374 exposuimus.

389 2393 450 2458 Sed
466 2392 636 2471 videamus,
658 2412 739 2473 quae
752 2394 1038 2459 deindciionitzius
1057 2399 1190 2461 statuat.
1212 2391 1395 2475 Proiectus,

288 2500 325 2559 ut
350 2494 483 2574 videtur,
508 2494 547 2559 ab
567 2495 731 2560 Herbartii
753 2495 793 2560 de
807 2497 928 2577 origine
938 2497 1094 2562 Platonici
1117 2497 1301 2578 systematis
1322 2497 1394 2581 opi-

289 2597 390 2676 nione,
415 2596 541 2676 qualem
563 2597 742 2662 emendavit
754 2596 996 2678 Struempcllius
1012 2601 1072 2676 ¹¹⁵),
1093 2596 1261 2663 Platonem
1280 2604 1395 2665 censet

288 2698 426 2778 primum
451 2698 539 2762 ideas
568 2699 717 2764 statuisse
748 2716 855 2762 rerum
879 2697 1059 2777 qualitates,
1083 2698 1197 2777 quibus
1219 2698 1394 2763 essentim

288 2817 351 2864 non
372 2799 578 2879 adnumerat;
611 2817 651 2862 ne
678 2804 786 2864 tamen
814 2801 919 2864 omnia
947 2800 1065 2866 iudicia
1095 2805 1223 2881 praeter
1250 2798 1393 2865 identica

289 2899 400 2964 tollere
420 2904 596 2980 cogeretur,
617 2899 729 2963 deinde
747 2894 786 2962 τὸ
802 2888 840 2963 ὅν
856 2900 896 2964 ab
910 2900 990 2965 ideis
1004 2905 1219 2966 secementem
1235 2901 1302 2962 stat
1326 2899 1333 2911 '

289 3000 538 3064 communionem
559 2999 701 3063 idearum
723 3004 755 3063 et
776 3000 860 3064 inter
886 3018 919 3064 se
950 3006 983 3065 ct
1008 3020 1079 3065 cum
1108 3001 1190 3066 entis
1212 2999 1293 3079 idea,
1315 3016 1391 3063 oon·

289 3098 410 3163 stantia
432 3099 624 3178 systematis,
648 3117 729 3180 quae
751 3103 892 3181 postulet
914 3107 951 3167 ut
980 3099 1070 3165 ideae
1094 3101 1263 3166 essentiam
1295 3098 1329 3163 in
1354 3116 1391 3165 se

287 3197 393 3264 ierant
430 3216 493 3263 non
531 3218 551 3264 a
586 3201 634 3284 τῷ
672 3189 742 3264 ὄντι
781 3203 956 3284 accipiant,
997 3207 1145 3283 corrupta
1187 3206 1220 3266 et
1250 3198 1390 3265 sublata

290 3298 607 3379 Schaarschmidtius,
637 3303 690 3367 cui
717 3304 822 3368 omnia
850 3304 1002 3369 videntur
1028 3302 1164 3385 placere,
1196 3302 1311 3382 quibus
1331 3297 1390 3366 So·

289 3400 415 3483 phistae
437 3402 572 3482 scriptor
595 3408 750 3484 appareat
772 3404 919 3482 deterior,
936 3403 995 3470 hoc
1008 3422 1134 3484 quoque
1151 3408 1200 3468 est
1213 3401 1390 3483 amplexus.

288 3499 344 3567 sed
365 3489 477 3575 οὐσίας
498 3499 602 3566 ideam
624 3504 719 3568 etiam
739 3502 779 3568 ab
801 3522 838 3569 eo
860 3505 969 3582 statui,
1000 3504 1054 3584 qui
1076 3503 1286 3569 Theaetetum
1315 3500 1392 3567 scri·

288 3601 398 3682 pserit,
424 3605 535 3682 patere
564 3601 643 3666 mihi
676 3604 800 3669 videtur
814 3604 885 3687 116);
922 3604 978 3669 illa
1007 3622 1082 3670 vero
1107 3603 1321 3670 Herbartiana
1348 3598 1391 3665 de

289 3772 487 3782 -ι---.-

391 3887 452 3956 114)
469 3887 594 3942 Eandem
613 3889 779 3943 sententiam
798 3889 860 3943 aliis
879 3888 914 3943 de
932 3888 1037 3943 caussis
1055 3887 1180 3942 defendit
1198 3884 1388 3956 Ribbingl,

309 3976 362 4029 .21
421 4016 426 4028 .

289 3991 307 4042 p
364 3977 451 4128 Oilld)
469 4061 644 4128 Herbart,
675 4065 709 4118 de
726 4064 863 4119 Platonici
894 4065 1051 4133 systematis
1081 4064 1271 4118 fundamento⁴
1311 4061 1389 4116 1805.

288 4147 390 4203 Werlce
400 4148 461 4214 XII,
481 4168 508 4220 p.
520 4154 633 4208 63-96.
654 4153 878 4222 Struempell,
899 4152 995 4208 Gesch.
1010 4152 1037 4206 d.
1056 4152 1145 4207 theor.
1156 4152 1225 4206 Phil.
1241 4152 1267 4207 d.
1279 4148 1389 4205 Griech.

289 4238 642 4395 (p⁸ll21iil)’ouamquam
662 4324 735 4378 enim
755 4339 817 4377 mea
836 4322 974 4377 sententia
992 4322 1022 4376 in
1040 4320 1192 4376 Theaeteto
1210 4321 1335 4378 nondum
1351 4323 1387 4381 de

288 4410 366 4479 ideis,
384 4413 434 4468 sed
452 4412 487 4468 de
506 4409 609 4474 κοινοῖς
624 4429 748 4468 errorem
768 4429 825 4468 non
843 4411 1055 4467 excludentibus
1081 4410 1183 4481 agitur,
1208 4415 1302 4466 tamen
1323 4428 1387 4467 eum
