3000 5070
713 465 751 524 13

181 639 332 728 ἐρώντων
349 638 441 731 θῆρα
458 638 516 708 τὸν
532 645 616 721 νοῦν,
636 636 681 720 ὦς
701 637 815 724 ἔοικεν,
827 631 922 708 οῦττω
934 644 1125 726 προσέσχεν.
1138 646 1280 731 -Ῑθαθο
1363 674 1372 680 ·

181 749 328 813 vitiorum
340 746 458 831 ²deinde
468 747 549 812 latet
560 746 649 811 initio
662 746 722 811 def.
735 746 775 823 Π,
791 749 851 810 223
861 744 894 810 0.
913 766 951 812 ac
965 747 1103 828 primum
1116 748 1149 812 in
1160 749 1277 814 verbis:

179 840 218 911 τὸ
229 848 288 932 τῆν
296 847 445 931 κτητικῆς
455 844 566 929 τέχνης
575 844 713 909 διπλοῦν
724 831 763 930 ῆν
771 835 860 921 εἶδος
872 868 949 926 τιον,
961 841 1000 910 τό
1012 843 1072 929 μὲν
1081 841 1281 931 θηρευτικὸν

180 949 280 1034 μέρος
293 947 377 1030 ἔχον,
392 945 430 1014 τὸ
448 947 484 1014 δὲ
497 941 691 1014 οἷλλακτικόν
702 966 805 1028 neque
822 947 1025 1013 coniectando
1036 967 1108 1012 cum
1125 948 1278 1014 Heindor-

179 1050 221 1115 fio
246 1069 349 1132 neque
378 1053 520 1116 contorte
546 1047 876 1129 interpretandarum
905 1047 1114 1113 Stallbaumio
1136 1050 1279 1132 scriptori

180 1152 351 1217 obtrudere
367 1150 512 1215 volumus
531 1148 712 1231 diligentiae
731 1166 826 1229 quam
846 1150 913 1229 ipse
924 1150 1044 1230 sprevit
1054 1149 1192 1215 laudern.
1205 1169 1278 1215 nam

182 1240 221 1316 ῦν
241 1251 384 1318 vocabuli
407 1253 480 1332 post
501 1240 692 1314 ἄλλακτικόν
711 1248 777 1313 sive
802 1249 980 1314 coniectura
1002 1249 1069 1314 sive
1093 1251 1280 1332 cogitatione

180 1355 346 1436 supplendi
362 1357 451 1420 nulla
467 1354 582 1419 idonea
594 1373 707 1420 caussa
722 1356 780 1419 est.
803 1353 898 1417 inuno
912 1351 1092 1416 naturalem
1111 1352 1280 1417 verborum

181 1456 323 1521 ordinem
359 1457 518 1520 intuentes
553 1455 597 1520 sic
615 1454 842 1520 construimus:
875 1447 914 1516 τὸ
940 1453 1000 1536 τῆς
1021 1453 1171 1538 κτητικῆς
1192 1442 1281 1527 εἶδος

179 1542 219 1640 ῆν
240 1579 308 1620 που
330 1555 481 1631 διπλοῦν,
506 1551 607 1637 μέρος
629 1549 705 1634 ἕχον
725 1558 780 1629 (sc.
802 1546 840 1617 τὸ
864 1543 966 1630 εἶδος)
992 1546 1037 1616 τὸ
1060 1549 1127 1633 μὲν
1157 1556 1281 1636 θηρεν·

180 1649 282 1738 τικὸν,
302 1649 346 1719 τὸ
371 1653 414 1719 δὲ
443 1646 647 1736 ἅλλακτικόν,
677 1673 748 1718 cum
778 1653 892 1735 quibus
921 1653 1109 1718 conveniunt
1127 1651 1281 1717 Schleier·

180 1755 327 1837 macheri,
350 1754 504 1832 Mueller'1‚
528 1754 697 1820 Deuschlei
717 1753 1004 1834 interpretationes.
1026 1752 1089 1815 iam
1113 1767 1189 1816 vero
1209 1769 1280 1816 cum

179 1872 278 1935 supra
292 1856 388 1919 2191)
411 1856 561 1939 κτητικῆς
573 1855 691 1919 fuerint
705 1847 920 1936 μεταβλητική
936 1855 969 1916 et
983 1845 1163 1937 χειρωτικῆ,
1189 1851 1281 1916 huius

181 1946 376 2037 ολγωνιστική
408 1960 441 2019 et
461 1948 653 2038 θηρευτική,
683 1954 733 2018 hic
757 1958 807 2020 est
827 1955 977 2039 κτητικῆς
997 1943 1170 2038 ἄλλακτικῆ
1195 1953 1230 2035 (ἰ.
1253 1969 1280 2016 e.

181 2047 414 2138 μεταβλητική)
431 2059 465 2118 et
476 2048 666 2140 θηρευτική,
689 2060 783 2134 nepte
804 2056 869 2119 iarn
891 2055 925 2117 in
946 2053 1029 2119 filiae
1049 2053 1152 2118 locum
1175 2070 1280 2118 succe-

180 2153 283 2217 dente.
316 2155 401 2233 quod
423 2172 499 2218 vero
526 2145 698 2240 ἅλλακτικῆ
728 2172 811 2218 οοοο
838 2153 954 2218 dicitur
976 2172 1059 2234 quae
1079 2157 1155 2218 ante
1174 2152 1281 2218 fuerat

178 2251 402 2340 μεταβλητική,
420 2255 453 2319 id
473 2254 667 2336 parsimonia
688 2241 828 2335 uuadam
849 2253 894 2333 fit,
917 2255 993 2334 quia
1013 2244 1204 2330 ἄλλακτικῐς
1226 2253 1278 2318 de·

178 2354 250 2418 inde
264 2352 346 2418 fiunt
367 2350 528 2439 δωρητικῆ
549 2361 581 2421 et
604 2347 808 2440 ἄγοροστικῆ,
828 2356 924 2420 huius
945 2345 1157 2438 αῦτοιιωλικῆ
1182 2358 1214 2418 et
1237 2389 1277 2401 -·

179 2447 199 2537 ῆ
219 2451 260 2515 τὰ
274 2445 427 2538 ἀλλότρια
451 2451 528 2539 ἔργα
543 2453 807 2539 μιταβαλλομένη
832 2491 870 2501 -
890 2448 1177 2540 μεταβλητική.
1198 2453 1277 2518 nihi·

179 2553 314 2618 lominus
338 2554 371 2618 in
393 2558 664 2622 consummatione
686 2557 786 2622 2241)
808 2556 916 2621 addita
938 2556 978 2620 ad
1004 2556 1175 2637 pristinum
1196 2555 1279 2620 ordi·

179 2671 251 2719 nem
275 2656 460 2735 recurritur,
494 2659 647 2742 κτητικῆς
665 2656 702 2723 fit
722 2649 949 2740 μεταβλητική,
972 2673 1054 2736 quae
1075 2672 1146 2719 curn
1167 2653 1279 2718 deinde

179 2755 261 2818 inter
291 2744 506 2843 ῦγοραστικῆν
536 2761 569 2821 et
599 2752 780 2840 ἐμπορικήν
812 2756 911 2836 repeti
942 2754 1064 2833 debeat,
1097 2754 1280 2837 simpliciter

181 2856 350 2921 omittitur.
382 2856 423 2920 ad
457 2857 541 2921 hunc
576 2857 679 2923 locum
709 2857 938 2922 Stallbaumius
971 2857 1114 2922 imitatus
1150 2873 1279 2936 operam

182 2954 462 3021 Schleiermachcri
483 2956 515 3020 in
538 2957 634 3023 simili
648 2958 724 3022 ‘loco
740 2957 834 3021 223ss
854 2957 1048 3037 ingeniosam
1070 2959 1104 3019 et
1125 2955 1165 3020 ab
1183 2954 1280 3019 omni·

183 3057 243 3122 bus
262 3056 329 3120 fere
353 3056 522 3137 probatam
545 3075 603 3122 nec
624 3062 731 3122 tamen
755 3059 794 3123 ab
815 3059 899 3122 omni
918 3062 1012 3137 parte
1025 3055 1148 3122 felicem
1155 3059 1195 3138 ³⁸)
1221 3055 1281 3120 ‘hic

180 3158 327 3237 qnoque,
340 3155 453 3237 inquit,
469 3158 582 3222 ‘omnia
593 3157 722 3222 turbata
738 3160 838 3224 sunt'.
867 3176 964 3238 quam
983 3176 1057 3221 vero
1079 3157 1191 3222 deinde
1210 3174 1280 3237 pro·

182 3263 269 3322 creat
290 3256 511 3337 coniecturam,
536 3275 606 3322 earn
622 3294 660 3304 -
678 3259 753 3322 mali
774 3259 875 3340 patris
895 3259 997 3322 instar
1021 3295 1059 3304 -
1081 3258 1191 3338 paucis
1212 3274 1281 3319 ver·

181 3357 266 3422 sibus
283 3362 355 3439 post
366 3362 427 3422 224
439 3358 476 3435 Ε,
501 3358 554 3423 nbi
563 3353 738 3425 necessario
751 3363 821 3424 erat
832 3359 1002 3442 repetenda
1019 3359 1106 3442 (uam
1118 3358 1161 3423 ibi
1171 3373 1282 3423 rursus

181 3457 299 3540 legitur·
309 3451 347 3521 τῦ
360 3461 511 3543 κτητικῆς
522 3448 587 3544 ῦρα
598 3456 843 3545 μεταβλητικὸν,
853 3453 1079 3547 ἀγοραστικόν)
1085 3477 1216 3542 prorsus
1227 3458 1281 3522 ob·

181 3559 343 3623 liviscitur.
365 3559 460 3624 nimio
477 3561 576 3640 igitur
588 3578 717 3625 suorum
736 3580 844 3627 amore
867 3601 902 3610 -
930 3563 1013 3645 quod
1035 3562 1194 3643 plerisque
1213 3557 1282 3622 lieri

180 3660 312 3724 solet-
324 3659 375 3724 hic
394 3679 457 3726 non
470 3661 604 3727 laborat.
621 3662 677 3728 sed
690 3663 857 3729 redeamus
879 3664 920 3728 ad
935 3665 1040 3730 locum
1052 3665 1111 3726 223
1121 3661 1155 3728 G.
1179 3663 1282 3724 restat

181 3761 263 3824 enirn
285 3760 327 3825 ibi
347 3761 521 3826 maximum
542 3763 655 3827 vitium
679 3767 712 3828 et
732 3764 772 3828 ab
801 3764 871 3830 aliis
887 3765 950 3829 iarn
965 3765 1177 3839 observatum,
1198 3757 1282 3841 quod

183 3953 382 3962 ——-—-—

269 4105 314 4169 32)
332 4102 495 4173 Legendurn
514 4104 588 4157 enim
606 4121 749 4160 censemus
770 4108 822 4160 223
829 4106 860 4159 Β.
880 4105 938 4162 sic:
957 4103 974 4173 ἦ
989 4107 1086 4174 τέχνης
1104 4101 1279 4170 οῖκειωτικῆς,

178 4192 345 4261 χειρωτικῆς,
363 4194 528 4263 θηρευτικῆς,
545 4197 703 4266 (uoluptas,
710 4201 851 4266 χερσαίας,
864 4192 1104 4266 ἀνθρωποθηρίας,
1117 4195 1279 4265 ὶδιοθηρίας,

181 4281 373 4351 μισθαρνικῆς,
401 4283 687 4353 νομισματοπωλικῆς,
713 4285 958 4351 δοξοιταιδεατικῆς,
987 4282 1040 4350 vel,
1068 4282 1122 4336 nisi
1147 4282 1280 4339 audacius

182 4370 241 4432 ost,
274 4371 782 4442 νομισματοπολικοδοξοπαιδευτικῆς.
840 4373 879 4427 At
910 4389 944 4427 eo
974 4370 1087 4426 firmare
1114 4370 1197 4426 huin!
1222 4370 1279 4428 looi

182 4459 312 4512 nonest.
