3000 5070
725 376 765 438 34

196 560 303 627 eodem
327 558 429 636 modo,
455 573 517 638 quo
540 576 559 621 a
579 557 672 631 rebus
693 555 890 622 sensibilibus
905 553 944 620 ad
965 555 1100 622 notionis
1120 555 1292 637 puritatem

197 659 403 738 ascendimus
426 657 535 723 eodem
562 657 787 722 descendentes
809 654 1045 733 usensibilibus
1067 658 1242 739 mergimur
1261 655 1293 718 in

199 760 375 826 materiam.
404 759 468 824 illic
490 775 582 823 omne
601 775 742 837 non-ens,
766 757 816 822 bic
838 774 929 822 omne
953 775 1008 822 eus
1029 760 1181 823 exuimus.
1209 774 1292 834 nam,

196 868 233 926 ut
256 858 427 926 Platonicis
456 857 609 938 exemplis
633 875 684 922 res
707 863 831 939 agatur,
855 856 880 922 si
900 875 919 921 a
937 856 1060 935 tellure,
1091 875 1183 938 aqua,
1209 873 1292 932 aere,

198 963 270 1043 igne
292 979 415 1027 omnem
438 959 583 1037 formam,
605 975 729 1022 omnem
753 947 865 1021 οὐσίαν
886 956 1070 1037 detraxeris,
1094 957 1121 1023 si
1140 957 1181 1037 id,
1210 954 1295 1038 quod

197 1062 342 1127 omnibus
364 1077 527 1124 commune
550 1061 606 1137 est,
631 1057 787 1139 petiveris,
810 1056 939 1123 babebis
962 1093 999 1102 -—
1023 1057 1166 1123 mirabile
1189 1057 1293 1122 dictu!

204 1162 456 1228 -notionem
478 1161 688 1225 materiae.
717 1159 786 1223 ideo
816 1157 963 1223 materies
988 1177 1007 1222 a
1029 1159 1163 1223 Platone
1185 1148 1297 1233 εἶδός

198 1286 227 1328 τι
255 1263 377 1342 dicitur,
414 1253 661 1343 μεταλαμβάνον
687 1250 886 1340 inoperari
913 1282 961 1343 πῃ
982 1261 1043 1324 τοῦ
1067 1260 1194 1342 νοητοῦ,
1226 1257 1296 1323 ideo

196 1358 304 1427 ἁπτὸν
325 1362 508 1446 λογισμῷ
531 1382 595 1423 τινι
610 1352 713 1444 νόθῳ,
735 1352 830 1441 μόγις
850 1352 980 1423 πιστόν.
1003 1348 1092 1436 εἶδος
1113 1364 1172 1438 est,
1191 1359 1245 1424 ubi
1266 1359 1298 1422 in

199 1463 330 1529 diversis
344 1478 509 1527 commune
523 1465 582 1526 est.
604 1466 640 1524 ut
656 1464 773 1540 autem,
797 1476 867 1523 cum
883 1459 1049 1524 sustuleris
1071 1478 1162 1525 omne
1182 1454 1226 1544 μὴ
1250 1448 1296 1538 ἕν’ν,

199 1582 292 1630 omne
320 1556 409 1643 τόδε,
442 1562 475 1625 11
507 1561 651 1625 idearum
684 1560 755 1624 luce
780 1559 926 1638 versario,
959 1560 1012 1637 ita,
1037 1578 1108 1625 curn
1137 1578 1229 1625 omne
1251 1547 1297 1638 ὅν,

199 1681 325 1729 ornnem
347 1662 539 1744 qualitatum
562 1660 777 1726 diversitatem
800 1660 980 1740 extinxeris,
1011 1665 1136 1727 restant
1157 1660 1298 1728 materiei

200 1762 358 1827 tenebrae.
1243 1752 1246 1757 ’

298 1861 395 1927 Vides
418 1860 528 1926 eodem
549 1859 722 1941 perducere
743 1860 908 1942 Sophistae
931 1864 963 1927 et
977 1861 1099 1926 Timaei
1114 1861 1297 1927 doctrinam.

200 1961 264 2027 illic
287 1951 431 2043 negando
453 1977 545 2025 omne
567 1947 614 2040 ὅν,
646 1959 697 2024 bic
718 1959 912 2025 detrahendo
934 1978 1043 2026 omnes
1073 1959 1299 2026 elementorum

200 2061 318 2126 formas
341 2059 381 2124 ad
404 2059 536 2124 eandem
559 2062 723 2126 devenitur
744 2061 902 2125 notionem
926 2061 1087 2141 materiae,
1121 2079 1217 2142 quam
1247 2077 1299 2127 ne·

200 2160 379 2245 gationibus
401 2164 528 2242 partam
550 2161 757 2242 omnibusque
780 2162 908 2242 reliquis
931 2162 1010 2228 ideis
1027 2163 1098 2244 ipsa
1110 2165 1228 2227 natura
1241 2182 1299 2229 sua

100 2280 104 2286 ’
199 2263 391 2329 contrariam
414 2268 446 2326 et
467 2262 625 2326 inimicam
647 2280 704 2327 suo
725 2261 795 2327 iure
815 2261 906 2327 Plato
928 2262 1067 2344 spuriam
1089 2262 1176 2341 dixit,
1199 2281 1301 2344 neque

201 2362 358 2443 quomodo
380 2362 485 2442 aptius
506 2360 638 2441 dicatur,
663 2361 808 2442 equidem
830 2364 902 2427 scio.

302 2460 531 2526 Verumtamen
553 2460 677 2542 longius
699 2480 810 2527 sumus
833 2462 959 2544 egressi,
988 2480 1084 2543 quarn
1109 2464 1150 2528 ad
1177 2463 1300 2530 intelle

201 2561 340 2644 gendum
371 2557 552 2641 Sophistam
581 2562 793 2626 necessarium
825 2569 883 2629 est.
923 2582 1116 2645 quamquam
1148 2564 1229 2629 enim
1262 2583 1302 2629 ex

203 2661 298 2726 anxia
329 2660 384 2725 illa
417 2654 590 2742 diligentia,
623 2679 686 2742 qua
714 2662 809 2729 Plato
837 2681 970 2729 non-ens
999 2665 1179 2730 absolutum
1200 2665 1301 2729 258E

202 2762 325 2843 seponit
358 2753 417 2824 εἴτ’
456 2757 545 2825 ἔστιν
572 2754 638 2826 εἴτε
663 2756 718 2846 μὴ,
749 2756 846 2846 λόγον
874 2758 949 2844 ἔχον
978 2757 1074 2848 ἢκαὶ
1095 2757 1303 2831 παντάπασιν

203 2852 331 2947 ἄλογον,
361 2862 446 2928 subit
472 2863 615 2944 suspicio,
647 2865 711 2927 iam
741 2868 915 2944 tumeam,
949 2882 1020 2931 cum
1041 2863 1121 2931 haec
1143 2865 1301 2941 scriberet,

203 2965 345 3028 non-enti
367 2962 511 3029 absoluto
541 2963 694 3028 materiae
718 2963 749 3026 in
779 2969 952 3046 systemate
972 2970 1080 3046 partes
1102 2963 1301 3031 sustinendas

185 3064 419 3142 destinavisse,
442 3066 549 3127 temen
571 3063 612 3127 ad
632 3063 747 3129 erroris
769 3070 919 3153 naturam
943 3063 1184 3146 explanandam,
1219 3061 1303 3144 quod

205 3169 253 3230 est
274 3164 369 3228 buius
390 3162 556 3245 Sophistae
578 3165 679 3246 partis
701 3170 845 3230 exterum
859 3167 1066 3247 propositum,
1078 3163 1206 3230 ‘sufficit
1226 3165 1303 3228 alte·

111 3290 120 3300 ·
205 3283 277 3328 rum
300 3264 377 3329 illud
396 3260 509 3347 ἕτερον
531 3267 590 3329 τοῦ
612 3253 709 3343 ὄντος
732 3284 873 3345 non-ens,
895 3264 979 3344 quod
999 3282 1062 3345 non
1082 3261 1120 3330 τὸ
1142 3254 1304 3330 1111111-

206 3365 260 3444 dit,
279 3401 318 3410 -
332 3370 380 3430 est
395 3368 478 3431 enim
496 3366 600 3447 ipsum
622 3355 725 3443 ὄντος
747 3355 784 3431 ὄν
805 3370 837 3431 et
859 3366 939 3446 idea,
962 3372 999 3433 ut
1018 3366 1200 3443 uidebimus
1223 3368 1306 3430 inter

207 3465 351 3530 ideas-
378 3465 431 3530 sed
456 3456 820 3550 turiassonensium
843 3463 926 3531 sicut
952 3464 1028 3530 illud
1060 3484 1156 3546 super
1181 3483 1306 3531 omnem

208 3555 326 3628 ου’σίαν
347 3564 524 3647 dispersum
535 3568 575 3646 56)
608 3566 795 3648 principium
823 3569 872 3630 est
899 3565 1125 3632 dissociationis
1151 3565 1304 3641 idearum,

210 3658 317 3730 αἴτιον
336 3666 394 3750 τῆς
417 3664 617 3748 διαιρέσεως,
649 3666 689 3730 de
717 3683 781 3745 qua
804 3683 840 3729 re
861 3669 982 3745 postea.
1024 3668 1092 3731 Hoc
1114 3666 1212 3747 igitur
1230 3683 1305 3730 non·

207 3783 263 3831 ens
285 3767 436 3832 miscetur
459 3766 611 3831 sermonis
634 3768 666 3832 et
679 3763 834 3846 opinionis
853 3764 934 3832 ideis
946 3767 1002 3849 ⁶03
1024 3784 1096 3832 oum
1110 3768 1194 3832 enim
1210 3784 1305 3831 enun-

311 4033 356 4102 56)
374 4050 401 4101 p.
410 4032 504 4087 acolt:
525 4029 556 4085 τὸ
581 4030 637 4103 μὲν
660 4028 696 4098 δὴ
711 4028 751 4103 μὴ
770 4025 804 4087 ὂν
820 4029 889 4104 ἡμῖν
905 4031 936 4086 ἕν
952 4052 976 4087 τι
996 4033 1051 4086 τῶν
1068 4025 1157 4085 ἄλλων
1175 4035 1255 4100 γένος
1275 4023 1308 4084 ὃν

208 4114 342 4192 ἀνεφάνη,
361 4116 429 4172 κατὰ
449 4113 538 4174 πάντα
556 4115 589 4172 τὰ
607 4112 672 4173 ὅντα
692 4119 905 4191 διεσπαρμένον.

313 4207 357 4277 57)
375 4207 457 4261 26οΒ
470 4224 509 4276 sq.
533 4206 626 4262 Verbo
645 4206 814 4261 monendum
838 4209 888 4270 est,
912 4205 985 4260 hanc
1002 4205 1165 4259 mixtionem
1184 4221 1232 4258 seu
1254 4221 1308 4256 κοι-

209 4301 312 4351 νωνίαν
320 4296 385 4363 (260
391 4293 426 4363 Ε)
439 4294 608 4363 peculiarem
622 4298 650 4349 et
661 4311 776 4364 prorsus
788 4294 927 4348 diversam
941 4311 1001 4347 ease
1012 4293 1048 4348 ab
1066 4293 1123 4356 illa,
1142 4309 1196 4360 qua
1214 4308 1307 4346 omnes

208 4383 296 4448 ideae,
316 4400 378 4438 cum
396 4383 470 4437 inter
488 4401 517 4437 se
536 4382 667 4439 differant
685 4399 788 4448 omnes,
807 4383 958 4454 participes
979 4386 1044 4436 sunt
1062 4380 1203 4436 non-entis
1221 4380 1307 4434 ideae.
