3000 5070
723 401 874 464 24·

196 587 289 654 modo
311 579 602 672 ἅντιλογικώτατος
625 587 846 671 Euthydemus
868 587 1020 672 (Euthyd.
1034 587 1199 670 assmsq.)
1221 607 1293 656 ean·

197 689 269 755 dem
290 693 422 756 tueatur
443 690 643 757 sententiam.

298 1000 603 1077 Demonstravimus,
624 1016 804 1081 supremum
816 997 985 1081 Sophistae
998 998 1116 1080 dialogi
1130 998 1296 1065 consilium

197 1104 231 1168 in
253 1100 435 1183 quaerenda
455 1099 617 1183 sophistae
637 1099 828 1180 definitione,
851 1118 914 1180 qua
935 1119 970 1166 re
992 1100 1139 1182 expletur
1159 1100 1297 1165 exterior

198 1223 283 1288 pars,
304 1203 444 1286 positum
465 1219 535 1268 esse
558 1219 621 1266 non
642 1219 744 1283 posse.
774 1201 807 1265 in
830 1217 893 1280 quo
915 1201 1000 1280 quod
1021 1200 1117 1265 semel
1142 1201 1206 1264 iam
1228 1201 1298 1265 arisi

197 1323 307 1370 sumus
324 1301 438 1382 iacere,
457 1306 495 1367 ut
511 1302 676 1384 scriptoris
692 1300 807 1381 verbis,
828 1299 1003 1382 sophistam
1018 1302 1128 1380 quaeri
1139 1300 1299 1385 aliudque

198 1403 279 1468 nihil
301 1402 502 1479 declarantis,
524 1400 702 1467 fidemnon
723 1399 921 1479 haberemus,
945 1399 979 1464 id
998 1401 1031 1463 in
1052 1401 1175 1465 mediae
1196 1401 1297 1482 partis

198 1503 289 1570 aditu
310 1502 427 1568 iterum
447 1490 592 1582 cogimur
608 1501 722 1567 moliri.
766 1499 826 1566 Est
854 1500 938 1566 enim
966 1498 1061 1566 huius
1081 1502 1183 1582 partis
1206 1503 1298 1581 quasi

200 1621 295 1686 prora
320 1607 353 1668 et
365 1602 488 1684 puppis,
509 1606 547 1666 ut
561 1601 722 1684 sophistae
738 1599 908 1666 definiendi
920 1618 1034 1666 caussa
1055 1598 1297 1680 demonstretur,

201 1702 244 1769 ‘id
266 1701 351 1782 quod
371 1720 434 1767 non
456 1702 507 1780 sit,
540 1695 578 1765 τὸ
608 1695 652 1787 μὴ
682 1690 731 1778 ὄν,
758 1718 828 1766 esse
856 1699 1105 1781 quodammodo!
1136 1702 1200 1767 iam
1225 1718 1301 1767 vero

200 1805 228 1869 si
248 1802 327 1868 haec
347 1802 500 1882 quaestio,
523 1819 580 1883 per
601 1820 636 1866 se
656 1799 742 1867 haud
764 1801 894 1884 indigna
914 1802 1016 1866 multo
1035 1801 1150 1879 studio,
1172 1802 1298 1866 univer·

198 1921 269 1968 sum
290 1901 364 1966 libri
384 1899 549 1966 consilium
570 1901 721 1983 expleret,
748 1920 864 1982 magna
893 1906 926 1966 et
947 1902 1135 1984 gravissima
1157 1901 1298 1983 disputa·

198 2003 294 2070 tionis
317 2020 401 2084 pars,
425 2019 565 2081 queens
586 2006 754 2080 tractatur,
783 2003 932 2082 quoniam
960 2003 1001 2068 ad
1026 2002 1206 2092 enodandas
1228 2001 1300 2069 illas

199 2104 358 2169 non-entis
388 2099 593 2170 difficultates
624 2103 803 2169 necessaria
836 2121 899 2168 non
937 2108 987 2170 est
1018 2108 1188 2185 possetque
1221 2103 1300 2169 satis

200 2203 361 2272 commode
382 2221 484 2286 paene
505 2208 575 2270 tota
599 2202 713 2284 omitti,
737 2204 800 2270 loci
817 2204 867 2269 sui
883 2204 1092 2286 exphcatione
1114 2208 1237 2269 careret
1248 2201 1300 2285 41).

200 2303 382 2386 refragatur
403 2308 570 2386 praeterea
593 2308 663 2369 tota
685 2302 780 2369 huius
802 2304 904 2385 partis
920 2304 1121 2384 constructio,
1133 2304 1300 2384 quaesim·

199 2405 371 2489 plicissima
395 2408 460 2483 est3
481 2403 620 2485 primum
641 2404 725 2468 enim
748 2403 837 2484 (HA,
863 2402 1064 2469 narn-242
1077 2403 1117 2488 B)
1139 2422 1299 2487 exponun-

200 2511 254 2572 tur
275 2502 483 2570 difficultates
514 2505 751 2585 non·entis;
784 2504 899 2590 deinde
933 2505 1029 2586 (ΠΒ,
1053 2504 1301 2589 242Β-25οΕ)

201 2608 280 2674 satis
296 2606 371 2670 'levi
399 2606 438 2670 de
460 2623 575 2671 caussa
596 2602 714 2686 (2420,
739 2605 846 2686 2430)
867 2607 908 2672 ad
932 2624 1002 2673 ens
1022 2609 1185 2686 transitur,
1217 2607 1301 2688 quod

76 2789 78 2793 γ
200 2727 264 2774 non
285 2706 458 2772 minorihus
479 2725 576 2788 quam
597 2707 678 2772 illud
698 2707 791 2774 nodis
810 2707 995 2773 intricatum
1017 2708 1192 2789 reperitur;
1222 2713 1300 2788 tum,

200 2826 256 2892 spe
276 2807 371 2886 facta,
393 2805 461 2873 fore
484 2813 522 2874 ut
550 2813 722 2888 utrumque
751 2809 846 2873 simul
872 2808 974 2874 lucem
1005 2809 1140 2891 accipiat
1164 2807 1238 2890 (250
1249 2807 1300 2891 Ε),

200 2910 292 2976 modo
313 2926 443 2991 prorsus
462 2909 597 2991 abrupto
612 2913 645 2974 et
665 2909 721 2986 ita,
735 2914 772 2975 ut
787 2911 901 2986 omnia,
924 2927 1006 2990 quae
1024 2914 1199 2990 sequantur
1220 2908 1300 2975 nihil

200 3010 312 3078 auxilii
332 3007 459 3074 aliunde
483 3014 640 3091 expetere,
663 3008 719 3073 sed
740 3028 758 3074 e
778 3028 866 3077 mera
891 3011 1087 3094 experientia
1116 3010 1229 3098 deduci
1255 3009 1302 3075 vi-

200 3112 345 3186 deantur,
366 3108 526 3174 inducitur
548 3109 693 3175 doctrina
721 3108 771 3176 de
793 3128 996 3192 generum
1030 3110 1302 3176 communione

202 3207 586 3305 (110,251A-259E);
610 3208 755 3289 denique,
779 3210 863 3290 quod
885 3211 925 3276 ad
946 3210 1123 3291 sophistam
1143 3209 1301 3292 reperiam

201 3311 278 3376 dum
308 3315 358 3376 est
386 3311 607 3389 necessarium,
642 3310 879 3377 demonstratur
911 3311 1004 3390 quasi
1033 3310 1194 3376 corollarii
1223 3311 1301 3387 loco,

201 3427 335 3475 non-ene
356 3410 482 3476 misceri
509 3410 647 3476 orationi
676 3415 709 3476 et
730 3411 878 3493 opinioni.
921 3410 1024 3476 Huius
1053 3410 1213 3476 divisionis
1244 3411 1301 3475 tri·

201 3510 340 3592 partitae
363 3509 615 3596 explanationem
638 3516 812 3592 contraque
831 3530 920 3578 secus
942 3515 1121 3578 statuentes
1146 3509 1300 3577 defensio·

202 3628 283 3688 nem,
304 3610 331 3675 si
354 3610 405 3676 cui
427 3610 575 3676 videatur
597 3613 787 3693 necessaria,
811 3612 1036 3695 amplissimam
1057 3612 1197 3678 inveniet
1217 3611 1302 3694 apud

202 3709 381 3776 Bonitzium
403 3711 446 3792 (p.
460 3714 630 3793 311—15),
665 3713 720 3791 qui
747 3718 914 3794 praeterea
941 3714 984 3795 (p.
998 3711 1072 3795 318)
1100 3731 1230 3794 prorsus
1254 3731 1302 3779 se-

202 3810 340 3876 cundum
368 3811 603 3893 compositionis
636 3816 785 3878 naturam
814 3813 869 3906 eis,
903 3812 1072 3893 quaelIO
1094 3812 1305 3894 degenerum

202 3911 421 3977 communione
442 3911 651 3989 disseruntur,
675 3930 858 3995 supremum
874 3921 907 3979 et
926 3915 1074 3980 ultimum
1095 3913 1212 3994 dialogi
1232 3930 1302 3977 con·

202 4010 307 4076 silium
317 4014 411 4093 putat
423 4012 577 4077 contineri
589 4048 627 4057 -
639 4029 701 4092 quo
712 4014 790 4093 iure,
802 4019 913 4096 postea
928 4018 1107 4096 quaeretur.
1130 4018 1205 4078 ante
1218 4013 1300 4077 enim

202 4109 283 4176 haec
317 4110 421 4176 media
452 4129 527 4193 pars
560 4111 669 4194 paullo
699 4115 880 4180 accuratius
903 4114 991 4180 nobis
1020 4114 1081 4178 erit
1100 4112 1301 4192 illustranda,

203 4211 287 4294 quod
311 4212 359 4277 ita
381 4208 499 4278 facturi
519 4231 637 4293 sumus,
661 4219 699 4280 ut
720 4213 874 4295 subsidiis,
898 4233 980 4296 quae
1001 4214 1098 4280 tertia
1119 4217 1211 4295 parte
1234 4213 1303 4295 ipse

303 4409 348 4479 41)
366 4409 463 4464 confer
480 4410 687 4471 Schleierm.
701 4413 736 4481 11,
754 4413 781 4480 b,
800 4431 828 4483 p.
842 4417 885 4472 ho.
