3000 5070
708 444 746 509 17

270 626 360 692 Haec
387 623 455 691 1111
485 625 564 690 vitia
587 630 671 702 sunt,
696 626 811 705 quibus
829 628 966 707 priorem
988 627 1175 695 divisionum
1197 650 1270 697 con·

174 728 292 808 geriem
305 730 508 808 perrepeutes
527 724 723 790 offendimus.
752 725 880 808 Duplex
903 745 1012 793 eorum
1032 729 1067 793 iu
1089 730 1271 797 universum

173 845 274 908 genus
299 831 363 908 est;
394 827 513 909 partim
535 826 618 892 euim
642 826 850 909 neglegentia,
873 829 990 908 partim
1013 829 1045 893 iu
1064 830 1202 896 methodi
1222 831 1270 895 lu·

173 927 309 993 dibrium
329 927 554 992 admittuntur.

272 1029 320 1093 Ac
337 1026 557 1109 neglegentiae
579 1027 737 1090 maximae
757 1027 846 1092 varia
866 1028 921 1092 illa
943 1030 1078 1110 vestigia
1102 1030 1128 1096 si
1153 1033 1191 1095 ut
1206 1017 1272 1096 ¹hac

172 1129 206 1192 iu
227 1131 320 1210 parte
351 1128 397 1192 ita
417 1145 474 1208 per
495 1125 651 1205 reliquum
673 1126 769 1191 etiam
793 1146 875 1208 opus
895 1133 1106 1206 occurrerent,
1140 1147 1203 1195 nou
1225 1131 1271 1196 di·

173 1245 255 1307 gnus
279 1230 363 1292 esset
384 1223 540 1304 Sophiste,
566 1225 620 1304 qui
644 1223 814 1305 legeretur.
838 1245 909 1292 curn
923 1245 998 1292 vero
1015 1229 1046 1292 iu
1068 1230 1175 1294 medie
1197 1246 1270 1310 ope·

172 1328 216 1392 ris
239 1332 339 1408 parte,
360 1331 398 1390 ut
418 1325 600 1402 videbimus
634 1343 765 1405 prorsus
795 1328 994 1393 econtrario
1021 1329 1125 1393 omnia
1155 1329 1272 1394 eximia

174 1445 245 1492 eum
275 1427 439 1509 diligentia
471 1429 618 1506 agantur,
649 1427 826 1492 necessario
857 1427 1011 1508 sequitur,
1045 1447 1106 1493 uon
1137 1430 1272 1494 inertiae

173 1528 334 1608 scriptoris
364 1526 420 1593 sed
445 1531 531 1591 certo
562 1527 630 1590 eius
653 1526 814 1606 proposito
836 1531 960 1592 tautam
982 1529 1015 1593 in
1037 1527 1203 1593 (1111111111
1225 1529 1272 1594 iu·

171 1629 292 1692 curiam
324 1644 394 1693 esse
425 1626 652 1692 ascribendam.
687 1628 889 1707 primumque
921 1633 1065 1708 apparet,
1091 1629 1195 1711 ipsum
1224 1629 1273 1695 hIs

172 1727 373 1792 divisionibus
395 1743 459 1790 non
482 1726 619 1791 multum
642 1725 806 1795 tribuisse.¹
820 1726 1044 1793 deiudeetiam
1066 1728 1120 1792 rix
1141 1728 1272 1793 dubium

172 1844 241 1892 esse
258 1831 373 1908 potest,
397 1827 474 1908 quin
494 1826 636 1893 consulto
653 1826 717 1891 ista
740 1827 955 1907 immiscuerit,
977 1847 1018 1894 ne
1040 1829 1181 1911 legentes
1200 1829 1275 1894 huie

172 1929 256 2008 parti
282 1946 433 2010 magnum
462 1929 603 2007 pretium
623 1930 769 1992 statuant
792 1932 851 1992 aut
871 1947 892 1992 a
910 1930 1082 2010 potioribus
1102 1930 1197 1995 rebus
1219 1929 1272 1995 de·

173 2028 344 2105 timeantur,
368 2044 450 2107 quae
473 2026 611 2090 medium
633 2025 794 2106 dialogum
814 2032 937 2092 ornant
963 2047 1020 2093 eur
1036 2048 1110 2095 vero
1132 2031 1183 2095 his
1204 2035 1272 2095 tam

171 2127 338 2223 ridiculam
361 2128 553 2207 tarraginem
571 2125 698 2191 omuino
716 2130 958 2209 praestruxerit,
981 2129 1160 2210 synthetiea
1180 2133 1273 2211 parte

174 2232 356 2309 quaeretur.

271 2327 310 2392 Iu
323 2344 473 2408 praeseus
488 2327 566 2411 satis
586 2327 647 2392 erit
667 2331 700 2392 et
721 2325 779 2391 hoc
800 2328 952 2393 statuisse
974 2332 1007 2392 et
1020 2329 1157 2394 alterum
1177 2330 1268 2408 illud,

136 2500 142 2504 ,
173 2427 257 2510 quod
277 2427 356 2492 haec
375 2426 535 2492 dividendi
557 2426 725 2492 methodus
746 2445 810 2492 uon
833 2428 973 2493 soluma
995 2429 1148 2510 scriptore
1167 2436 1273 2496 conte·

173 2529 294 2593 muitur
303 2528 358 2593 sed
371 2530 468 2594 etiam
479 2534 593 2610 aperta
606 2529 752 2593 irrisione
762 2532 930 2594 tractatur.
942 2530 1004 2593 hue
1015 2532 1174 2612 pertinent
1184 2531 1274 2596 varia

172 2629 237 2708 illa,
250 2646 333 2710 quae
348 2629 522 2706 attulimus,
538 2647 681 2694 summae
693 2628 840 2695 hcentiae
850 2630 992 2711 vestgia,
1005 2648 1070 2710 qua
1082 2632 1167 2711 quod
1177 2651 1275 2713 supra

173 2729 336 2794 exclusum
355 2734 426 2793 1111
442 2727 526 2794 iufra
541 2730 677 2795 recurrit
696 2731 840 2810 artisque
858 2730 1035 2810 cuiuspiam
1049 2731 1135 2796 notio
1150 2733 1274 2797 11111111

173 2834 308 2906 secatur,
321 2829 420 2895 donee
430 2831 609 2910 reperiatur
619 2831 652 2894 in
667 2848 716 2913 ea,
732 2830 818 2910 quod
832 2829 861 2896 ei
873 2829 933 2910 ipsi
947 2849 965 2895 e
979 2835 1163 2897 transverso
1176 2850 1273 2914 oppo-

173 2930 270 2995 situm
280 2931 331 2995 sit.
351 2931 506 2996 accedunt
516 2930 706 3011 partitiones
722 2930 890 2995 identidem
904 2935 1016 2996 contra
1032 2932 1078 2996 rei
1090 2937 1273 2998 naturane

172 3029 313 3095 fortuitis
326 3034 359 3095 et
373 3028 440 3095 1111
450 3031 590 3096 ridiculis
609 3033 691 3097 uotis
701 3032 876 3108 institutae,
896 3033 1027 3111 accedit,
1047 3032 1131 3113 quod
1144 3033 1272 3099 eaedem

173 3135 260 3196 artes
275 3133 369 3198 modo
389 3130 440 3196 hic
454 3131 547 3197 modo
568 3131 630 3196 illic
651 3133 818 3198 contrariis
838 3132 898 3197 sub
917 3133 1084 3212 generibus
1096 3137 1273 3214 emergrmt.

173 3229 218 3296 Et
232 3268 269 3279 -
285 3231 317 3296 id
333 3231 418 3312 quod
430 3232 556 3314 egregie
575 3233 699 3297 monuit
709 3231 871 3297 Bouitzius
885 3229 930 3313 (p.
942 3232 1019 3313 310)
1037 3268 1073 3276 -
1096 3250 1168 3296 eum
1185 3233 1273 3299 adbi-

173 3331 258 3397 bitae
277 3332 363 3398 illius
378 3331 570 3413 bipartiandi
586 3332 726 3397 methodi
738 3331 903 3413 potissima
916 3331 988 3398 laus
1003 3333 1035 3396 in
1047 3337 1134 3398 certa
1145 3351 1274 3415 progre-

173 3430 278 3498 diendi
289 3433 412 3498 ratione
424 3434 466 3499 sit
477 3433 589 3515 posite,
612 3451 676 3514 qua
690 3433 874 3500 cautissime
894 3435 1000 3498 omnia
1020 3434 1126 3500 aliena
1142 3433 1274 3500 subinde

173 3531 384 3598 excludantur
405 3533 504 3599 donec
524 3538 624 3600 restet
646 3536 716 3599 sola
729 3540 762 3600 11
778 3535 902 3600 sincera
923 3536 969 3600 rei
990 3535 1154 3615 quaesitae
1175 3533 1271 3612 notio,

173 3649 211 3697 eo
231 3633 384 3700 irrisionis
408 3635 543 3715 scriptor
566 3635 713 3715 escendit,
749 3638 786 3700 ut
815 3634 987 3716 sophistica
1014 3635 1147 3700 diversis
1175 3650 1275 3713 seque

172 3732 306 3800 invicem
329 3733 568 3801 excludentibus
590 3736 769 3802 notionibus
789 3735 1010 3818 subiungatur.

274 3833 356 3910 Quid
389 3836 514 3916 mirum,
546 3836 631 3917 quod
662 3837 760 3901 etiam
789 3835 987 3902 definitiones
1018 3834 1179 3918 sophistae
1212 3834 1272 3902 hac

173 3933 297 3999 ratione
318 3940 503 4016 procreatae
524 3955 614 4002 suam
642 3937 797 4018 originem
822 3935 988 4002 redolenti
1021 3938 1159 4017 primum
1189 3937 1273 4001 enim

172 4051 237 4100 nou
252 4053 318 4101 uua
339 4033 478 4101 definitio
501 4037 556 4103 sed
578 4054 635 4102 sex
657 4037 860 4119 reperiuntur
879 4036 1019 4102 eiusdem
1033 4037 1089 4102 rei.
1113 4042 1183 4101 tum
1198 4054 1274 4102 vero

173 4133 234 4202 hac
264 4136 412 4202 methodo
439 4154 504 4202 non
525 4143 664 4217 cavetur,
697 4156 739 4203 ne
761 4155 813 4204 res
837 4138 976 4203 maxime
998 4137 1150 4214 diversae,
1171 4136 1274 4219 sophi·

174 4236 253 4302 stica
276 4242 310 4302 et
330 4237 528 4319 philosophia
550 4238 794 4305 confundantur.
818 4243 954 4319 apparet
976 4239 1058 4303 euim
1081 4238 1168 4318 haee,
1203 4255 1274 4302 cum

173 4336 230 4403 illa
249 4339 394 4418 quaesite
415 4339 510 4404 sitin
531 4336 657 4405 detvr
672 4345 828 4421 quantum
841 4356 917 4404 1111
938 4339 1067 4421 reliquis
1088 4337 1275 4404 definitioni·

174 4435 232 4503 bus
244 4437 288 4504 sit
306 4439 519 4522 tribuendum,
539 4439 572 4505 id
588 4440 696 4506 addita
713 4443 836 4522 capla
852 4439 1123 4508 consummatione
1140 4438 1275 4520 scriptor

1058 4542 1075 4593 a
