3000 5070
775 410 795 471 8

232 598 294 662 1116
315 614 412 677 opera
432 594 626 660 intercedere
648 594 743 659 Plato
763 593 909 661 voluerit.
932 593 971 660 de
992 612 1055 676 qua
1073 612 1117 676 re,
1140 613 1211 662 cum
1224 595 1330 661 Philo·

233 697 350 781 sophus
383 697 464 763 desit
481 699 527 777 18),
555 714 617 776 quo
647 696 770 762 facilius
798 700 856 775 est,
888 696 1021 778 speciosi
1042 696 1161 779 aliquid
1181 698 1357 775 conicere„
1447 763 1450 768 ,

234 817 270 864 61
292 805 342 865 est
361 797 518 864 difficilius
540 802 659 862 certam
686 797 732 862 rei
752 797 963 862 condicionem
985 797 1115 878 aporire.
1158 796 1332 862 Hermanni

145 900 149 907 '
234 900 338 982 opinio
354 902 400 980 ¹⁹),
423 901 489 963 tres
511 898 656 978 trilogiae
676 902 786 979 partes
805 897 907 962 tribus
928 896 991 962 illis
1015 898 1164 963 scientiae
1178 897 1331 964 definitio

234 1000 326 1065 nibus
349 1000 381 1063 in
401 999 573 1064 Theaeteto
596 999 765 1080 propositis
789 999 988 1080 respondere,
1020 998 1065 1065 ita
1087 1003 1123 1064 ut
1145 999 1274 1064 scientia
1296 1002 1332 1063 ut

231 1095 388 1184 αἴσθησις
415 1099 448 1182 in
480 1099 639 1182 Sophiste,
666 1105 702 1166 ut
732 1091 820 1185 ὀρθή
846 1096 925 1182 δόξα
943 1105 976 1167 11
998 1104 1132 1169 Pohtieo
1160 1103 1330 1183 pingatur3

231 1199 423 1281 Philosopho
445 1204 551 1264 autem
563 1201 716 1267 mansisse
729 1220 837 1267 veram
858 1203 1016 1267 rationem
1035 1201 1245 1284 significatam
1264 1201 1329 1265 iam

232 1290 321 1388 aaut
347 1295 424 1385 δόξῃ
451 1294 535 1381 μετά
565 1293 662 1384 λόγου
688 1302 823 1383 amplius
850 1302 1118 1383 pertractandam,
1148 1300 1227 1367 haec
1248 1300 1329 1366 Her-

233 1401 341 1466 manni
374 1401 563 1478 coniectura,
595 1401 717 1466 utalia
745 1408 878 1480 taceam,
908 1402 960 1466 161
987 1405 1117 1483 propter
1146 1399 1263 1467 falsam
1293 1401 1333 1466 de

234 1505 396 1581 postrema
416 1499 582 1566 Theaeteti
608 1506 701 1582 parte
723 1502 899 1584 opinionem
924 1500 1104 1583 corruite).
1147 1499 1218 1567 Alio
1237 1500 1329 1566 modo

235 1599 438 1666 Steinhartus
468 1606 533 1665 tres
558 1600 629 1666 illos
658 1602 741 1667 viros
769 1602 910 1683 componi
932 1621 949 1666 6
970 1601 1082 1683 triplici
1103 1602 1236 1680 ratione,
1269 1617 1332 1681 qua

233 1700 375 1764 homines
396 1700 558 1765 scientiam
580 1705 725 1782 tractent,
748 1701 872 1767 studuit
892 1701 993 1767 lucido
1018 1719 1163 1767 sermone
1186 1701 1331 1782 probare,

233 1800 279 1864 ita
308 1799 382 1879 fere,
416 1806 454 1881 ut
480 1801 623 1882 sophista
652 1802 796 1883 speciem,
824 1802 967 1884 politicus
996 1820 1097 1881 usum,
1127 1800 1332 1882 philosophus

234 1901 792 1983 1611161616616111161111166111).
817 1921 836 1967 6
871 1904 1010 1984 primum
1032 1902 1136 1967 nescio
1159 1919 1199 1966 an
1221 1900 1332 1966 6Ρ16-

236 2001 318 2066 tonis
346 2000 471 2082 ingenio
499 2004 616 2067 rectius
645 2002 813 2082 dividatur,
843 2004 870 2069 si
899 2009 932 2069 et
953 2004 985 2068 in
1008 2001 1223 2085 cognoscendo
1246 2006 1278 2067 et
1300 2000 1332 2064 in

153 2136 159 2150 ι
234 2101 355 2182 agendo
378 2119 487 2166 veram
513 2106 546 2167 et
566 2101 679 2168 falsam
710 2102 865 2169 rationem
891 2108 1079 2182 statuamus,
1116 2119 1250 2183 quarum
1277 2099 1333 2166 illa

233 2203 402 2267 veritatem
425 2209 458 2268 et
478 2203 661 2283 bonitatem,
684 2204 763 2268 haee
781 2206 916 2286 speciem
934 2209 967 2270 et
984 2205 1182 2284 voluptatem
1195 2201 1332 2266 contine·

234 2308 277 2382 at,
313 2305 368 2381 ita,
402 2310 440 2369 ut
471 2304 670 2386 quadruplex
703 2308 825 2370 oriatur
851 2306 990 2387 partitio,
1022 2306 1110 2370 cuius
1134 2309 1243 2370 tamen
1270 2303 1333 2368 duo

236 2404 387 2484 membra,
410 2424 503 2471 16116
523 2405 728 2487 philosophus
739 2412 782 2492 et
796 2425 891 2473 verus
909 2407 1058 2488 politicus
1071 2406 1156 2488 apud
1169 2405 1334 2471 Platonem

236 2504 377 2593 efficiunt
399 2525 507 2570 unum.
551 2506 752 2574 Steinhartus
779 2527 864 2587 vero,
894 2509 969 2580 dum
999 2526 1060 2572 non
1088 2508 1189 2573 solum
1215 2505 1333 2571 afalso

234 2605 360 2685 politico
382 2600 502 2685 uerum,
525 2607 695 2672 sedetiam
718 2627 827 2674 avero
842 2607 1064 2691 philosophum
1081 2608 1237 2689 segregat,
1262 2623 1333 2670 cum

235 2706 291 2770 illa
315 2706 382 2787 ipsa
393 2707 537 2772 Platonis
553 2708 719 2788 sententia,
742 2726 824 2789 quae
835 2709 933 2775 totius
946 2708 1138 2789 reipublicae
1150 2707 1334 2772 Platonicae
1444 2791 1446 2794 Ι

237 2806 328 2872 radix
351 2813 399 2900 est
412 2806 462 2890 22),
485 2825 582 2888 quam
603 2810 701 2874 etiam
722 2810 779 2875 sub
800 2809 896 2875 rebus
917 2810 949 2874 in
964 2809 1095 2874 Politico
1118 2806 1268 2889 expositis
1288 2805 1333 2870 la·

338 3023 473 3089 18111611
492 3055 525 3064 -
545 3029 578 3078 ut
605 3025 674 3080 alias
703 3026 878 3081 coniecturas
907 3027 1051 3081 mittamus
1081 3055 1111 3065 -
1141 3020 1334 3078 Parmenidem

237 3110 400 3180 Philosophi
419 3111 512 3166 locum
532 3114 645 3183 explere
663 3115 724 3183 ipse
744 3116 867 3168 omnium
886 3114 921 3168 do
933 3112 1097 3168 Parmenide
1111 3112 1279 3166 arbitrorum
1296 3109 1309 3162 f
1326 3137 1336 3149 -

237 3197 290 3252 cilo
315 3200 455 3268 princeps,
485 3201 662 3270 Zellerus,
691 3219 754 3256 orum
775 3202 850 3257 'olim
878 3220 941 3257 cum
974 3201 1036 3255 aliis
1061 3198 1334 3267 credidissemus.

236 3285 315 3342 stud.
334 3305 361 3356 p.
380 3289 430 3341 194
444 3290 496 3359 sq.)
522 3307 595 3344 nunc
624 3308 680 3344 non
708 3291 764 3345 iam
789 3291 874 3345 audet
902 3291 1029 3346 obtinere
1059 3289 1118 3360 (Ph.
1143 3288 1170 3344 d.
1190 3287 1235 3343 Gr.
1255 3286 1291 3353 II,
1311 3303 1334 3339 a.

236 3376 424 3444 pwmQ

340 3463 384 3532 19)
403 3461 501 3517 Geseh.
521 3480 547 3514 u.
568 3463 641 3530 Syst.
660 3479 685 3531 p.
697 3464 846 3518 aee-499.
925 3508 928 3515 ,

338 3550 384 3619 20)
402 3549 437 3604 of.
457 3549 582 3615 Zellor,
603 3549 653 3604 Ph.
672 3550 698 3604 d.
718 3551 764 3604 Gr.
778 3551 814 3614 11,
827 3569 850 3604 a.
870 3568 897 3620 p.
909 3553 961 3605 370
978 3568 1005 3605 n.
1017 3553 1042 3606 3.

338 3641 383 3705 21)
402 3637 528 3692 Steinh
537 3641 593 3690 art
605 3637 654 3704 III,
667 3640 727 3692 442.
740 3638 862 3692 eiusdem
876 3640 962 3693 verba
975 3639 1048 3708 apud
1057 3638 1087 3691 M
1096 3655 1140 3692 un
1149 3637 1175 3691 k.
1194 3653 1221 3706 p.
1232 3637 1334 3705 41761.

240 3757 271 3765 -
292 3726 382 3780 Semel
400 3725 445 3779 hio
462 3741 605 3778 monemus
625 3726 700 3793 quod
712 3728 812 3794 postea
823 3743 905 3796 saepe
918 3730 1053 3794 recurret,
1064 3726 1152 3780 solere
1163 3742 1214 3779 nos
1228 3741 1333 3788 eorum,

239 3815 390 3882 dequibus
410 3813 534 3878 dicimus,
560 3829 615 3867 non
634 3814 719 3867 verba
739 3814 788 3868 sed
807 3815 974 3868 sententiam
992 3814 1114 3883 referre3
1145 3831 1199 3882 qua
1218 3829 1248 3866 16
1270 3811 1333 3865 fieri

238 3904 341 3971 potest,
370 3905 401 3954 ut
419 3919 516 3954 eorum
536 3902 680 3970 opiniones
698 3919 754 3956 non
774 3903 864 3957 ubivis
882 3919 1072 3971 assequamur,
1100 3901 1158 3955 sive
1184 3899 1333 3964 deteriora,

240 3988 297 4042 sive
318 3988 404 4041 otiam
423 3989 538 4042 meliora
556 3989 595 4042 616
616 3990 795 4053 ascribamus,
825 4006 907 4058 quam
925 3988 980 4059 ipsi
998 3989 1146 4042 voluerint.
1174 4001 1243 4054 quae
1261 3984 1333 4038 ratio

241 4075 292 4127 nisi
312 4075 425 4127 illorum
445 4093 542 4129 caussa
562 4079 685 4130 attamen
708 4079 749 4130 rei
769 4094 868 4131 661666
886 4076 992 4145 optima
1008 4079 1050 4129 est
1068 4073 1136 4140 1166,
1154 4071 1234 4145 ἡμεῖς
1252 4069 1283 4124 δὲ
1302 4067 1334 4123 οὐ

239 4157 341 4217 τούτων
359 4167 549 4235 φροντίζομεν,
572 4159 639 4216 ἀλλὰ
657 4159 774 4230 τάληθὲς
792 4165 929 4237 ζητοῦμεν.
981 4161 1040 4230 Quo
1068 4178 1133 4216 vero
1162 4157 1334 4214 commodius

241 4252 308 4320 quid
327 4251 381 4320 ipsi
407 4251 530 4304 dixerint
550 4253 709 4322 comparari
727 4253 825 4321 possit,
842 4268 972 4306 numeros
993 4251 1159 4320 paginarum
1178 4249 1257 4317 largo
1275 4246 1335 4300 ubi·

241 4341 282 4394 vis
300 4339 485 4409 eppinximus.

338 4430 382 4495 22)
401 4428 435 4481 of.
454 4428 546 4480 locum
564 4425 740 4479 notissimum
758 4424 827 4494 reip.
843 4423 873 4487 V,
887 4426 939 4477 473
953 4422 988 4476 Ι).
1018 4459 1028 4467 -
