3000 5070
728 450 768 512 65

199 636 373 718 detergere,
395 637 504 698 tamen
527 650 624 713 saepe
644 637 818 711 remanent,
842 635 1009 713 nescioquo
1038 652 1079 696 an
1101 632 1227 713 plenius
1248 650 1298 696 sa·
1319 708 1334 731 ο

198 738 327 817 tiusque
353 736 451 799 etiem
471 734 707 798 Platonicorum
737 734 936 814 quorundam
958 752 1090 815 operum
1111 734 1297 813 compositio

137 878 140 882 ·
199 836 334 917 perspici
357 840 463 914 queat,
485 834 564 898 siin
584 833 637 912 eis,
661 851 743 912 quae
766 854 805 899 ex
827 835 973 901 universo
997 834 1069 899 libri
1091 834 1220 899 consilio
1242 832 1299 895 mi·

199 955 260 1001 nus
290 934 451 1000 commode
484 933 724 1015 intelleguntur,
754 941 938 1014 quaeratur,
973 953 1075 999 nonne
1107 933 1225 999 diversi
1258 932 1298 997 ab

200 1036 289 1101 initio
311 1035 439 1113 consilii,
470 1053 490 1098 a
515 1035 668 1115 scriptore
695 1035 826 1100 subinde
854 1037 980 1115 mutati,
1015 1034 1196 1100 testimonia
1223 1035 1297 1098 sint.

197 1137 252 1200 sed
284 1153 335 1200 res
369 1134 437 1199 ideo
470 1133 659 1217 perdifficilis
695 1140 759 1216 est,
804 1137 879 1215 quia
908 1136 990 1200 illud
1020 1137 1156 1218 πρῶτον
1185 1135 1300 1198 κινοῦν

198 1235 424 1316 compositione
453 1236 603 1300 obrutum
640 1238 763 1301 nonnisi
798 1242 943 1301 extrema
974 1237 1155 1301 coniectura
1191 1238 1299 1314 potest

198 1337 355 1417 contingi·
392 1334 461 1411 Qua
487 1336 520 1399 in
544 1334 691 1417 Sophiste
719 1355 797 1417 opus
824 1355 887 1402 non
914 1342 972 1402 est.
1004 1355 1077 1399 nam
1106 1334 1190 1415 quod
1224 1353 1298 1401 raro

198 1437 283 1517 apud
303 1435 485 1533 Platonem⁴
498 1434 566 1500 fieri
592 1437 682 1515 solet,
714 1437 744 1500 id
776 1437 826 1501 hic
852 1437 1015 1515 habemus,
1051 1443 1087 1500 ut
1120 1436 1298 1514 utriusque,

198 1538 282 1616 quod
304 1537 449 1615 diximus,
468 1536 592 1600 consilii
613 1537 823 1617 perspiciendi
835 1536 931 1617 plena
944 1537 986 1601 sit
999 1540 1151 1617 potestas,
1166 1541 1198 1600 et
1211 1541 1297 1600 utro-

198 1653 261 1717 que
282 1635 426 1715 exposito
448 1635 622 1715 apparebit,
646 1637 679 1700 id
701 1637 785 1717 quod
798 1638 936 1717 primurn
950 1635 1117 1717 Sophistae
1131 1636 1298 1700 consilium

197 1736 229 1799 in
251 1742 357 1800 mente
369 1735 513 1800 Platonis
535 1736 693 1818 genuerit,
711 1737 810 1803 etiam
832 1738 960 1818 dialogi,
983 1739 1111 1817 qualem
1132 1735 1297 1817 habemus

195 1855 381 1916 supremum
402 1854 471 1902 esse
492 1837 700 1917 propositum.

297 1936 369 2000 Duo
411 1935 550 2000 maxima
589 1941 664 2003 ante
696 1936 863 2001 Platonem
900 1942 1073 2017 systemata
1110 1936 1298 2018 philosopha
1369 1984 1372 1989 .

198 2040 303 2113 erant,
336 2036 488 2100 Heracliti
510 2036 564 2115 qui
587 2031 694 2099 πάντα
720 2041 796 2122 ῥεῖν,
835 2037 1042 2115 Parmenidis,
1076 2038 1130 2118 qui
1159 2032 1199 2101 ad
1227 2038 1300 2101 πᾶν

198 2129 328 2199 ἑστάναι
351 2137 533 2201 docuerant.
578 2136 806 2202 Necessitatem
829 2156 901 2202 cum
922 2140 1060 2217 utroque
1081 2155 1151 2202 sese
1174 2155 1296 2217 compa·

198 2236 298 2312 randi,
330 2241 502 2316 utrumque
523 2238 692 2318 superandi
719 2256 816 2317 quam
838 2238 940 2302 vivide
962 2238 1096 2301 senserit
1115 2238 1217 2313 Plato,
1249 2241 1296 2300 te·

199 2340 325 2400 stantun
339 2337 437 2402 verba
449 2337 578 2403 Theaet.
597 2338 700 2402 lain.
738 2337 783 2401 Et
805 2342 915 2403 contra
937 2338 1135 2402 Heraclitum
1158 2337 1296 2402 obtinuit

199 2435 373 2500 doctrinam
399 2438 439 2502 de
468 2438 547 2503 ideis
576 2440 610 2502 in
638 2438 823 2520 Theaeteto,
849 2475 883 2482 —-
908 2456 983 2503 nam
1008 2438 1063 2518 qui
1084 2437 1298 2503 Theaetetum

199 2536 332 2617 scripsit,
355 2537 381 2601 is
404 2537 491 2603 ideas
514 2538 624 2603 habuit
648 2576 682 2583 -
700 2539 929 2619 Parmenidem,
953 2540 1040 2604 cuius
1061 2539 1247 2617 doctrinam,
1270 2539 1299 2603 si

200 2633 234 2700 ἐν
252 2636 404 2723 παρέργῳ
432 2644 599 2723 tractetur,
630 2640 758 2722 indigna
785 2642 853 2722 pati
882 2646 987 2705 censet
1014 2640 1159 2722 (Theaet.
1176 2645 1236 2704 184
1246 2639 1297 2720 Α),

198 2736 304 2804 differt
322 2740 353 2802 in
369 2739 457 2805 aliud
471 2746 597 2821 tempus
612 2740 723 2822 (183D
735 2742 808 2821 sq).
839 2741 936 2806 Haec'
947 2745 1022 2806 sunt
1041 2741 1110 2821 ipsa
1132 2738 1299 2821 Sophistae

197 2839 396 2904 incunabula.
425 2840 541 2919 Eisque
563 2840 732 2921 respondet
753 2839 928 2923 perlectum
952 2860 1032 2922 opus
1051 2839 1298 2906 accuratissime.

197 2938 329 3003 Nullum
357 2939 538 3018 consilium,
565 2941 655 3005 nulla
684 2943 844 3007 sententia
875 2942 1007 3022 reperiri
1035 2946 1149 3022 potest,
1184 2958 1202 3004 e
1230 2958 1295 3020 qua

197 3043 286 3103 totus
310 3038 460 3120 sophista
482 3041 522 3106 ad
544 3041 776 3108 strictissimam
805 3044 944 3108 omnium
966 3045 1107 3124 partium
1139 3045 1295 3108 unitatem

197 3140 493 3232 comprehendatur,
514 3148 644 3222 praeter
665 3142 765 3208 hano:
785 3145 1071 3223 Parmenidis,
1094 3145 1297 3226 principis

197 3239 548 3323 philosophorum,
575 3247 760 3311 doctrina
788 3253 906 3311 recte
937 3247 1224 3311 considerata
1247 3247 1297 3310 ad

197 3340 380 3407 Platonis
409 3344 524 3410 ideas
552 3365 592 3412 se
615 3348 820 3429 expandit.
864 3347 933 3410 lam
953 3364 1029 3410 vero
1054 3346 1103 3409 hic
1127 3365 1146 3409 a
1168 3347 1297 3410 Parme-

196 3441 271 3506 nide
294 3444 334 3507 ad
357 3443 524 3510 Platonem
546 3449 701 3513 transitus
723 3466 784 3512 non
808 3448 981 3512 theoretice
1003 3448 1144 3526 docetur,
1176 3447 1230 3512 sed
1252 3447 1297 3511 vi·

198 3541 270 3606 vido
290 3543 382 3608 modo
405 3563 593 3627 summaque
615 3551 685 3613 arte
708 3548 808 3613 oculis
830 3547 946 3612 nostris
972 3545 1163 3628 spectandus
1184 3564 1297 3628 propo-

199 3643 297 3708 nitur.
319 3644 411 3709 Hunc
425 3664 494 3711 esse
508 3646 603 3712 finem
617 3648 728 3731 operis
740 3649 822 3713 hanc
836 3649 1002 3727 unitatem,
1019 3646 1059 3712 ad
1079 3647 1216 3728 reliquas
1231 3645 1297 3712 dia-

198 3742 260 3824 logi
274 3750 383 3824 partes
396 3747 482 3825 quod
496 3750 621 3827 attinet,
642 3767 716 3814 mox
730 3750 822 3815 facile
836 3750 1020 3832 apparebit,
1044 3768 1108 3813 una
1129 3749 1168 3812 de
1190 3767 1225 3812 re
1246 3766 1297 3813 as·

196 3860 322 3908 sensum
341 3846 369 3908 vi
384 3846 441 3908 tibi
455 3849 592 3912 conabor
613 3853 812 3930 extorquere.
847 3850 939 3927 Quod
961 3850 1108 3928 quamvis
1129 3848 1236 3913 audax
1256 3849 1298 3912 sit

197 3947 231 4008 et
251 3944 471 4026 periculosum,
502 3952 607 4012 tamen
632 3951 658 4014 si
686 3951 870 4033 refugimus,
900 3950 1056 4031 quomodo
1078 3948 1227 4029 Sophiste
1256 3946 1297 4011 ad

197 4043 278 4109 hanc
295 4047 408 4111 miram
423 4049 680 4130 compositionem
698 4053 881 4129 excreverit,
904 4052 989 4117 haud
1006 4049 1099 4115 facile
1122 4050 1183 4115 erit
1199 4048 1296 4114 dictu.

196 4144 259 4210 Sed
285 4147 350 4210 iam
368 4149 541 4230 videamus,
574 4153 734 4231 quomodo
761 4153 905 4232 singulae
934 4152 1052 4232 dialogi
1073 4154 1182 4233 partes
1202 4166 1297 4213 unam

197 4246 294 4329 illam,
317 4266 413 4328 quam
432 4253 661 4332 proposuimus
692 4254 881 4318 sententiam
904 4253 1091 4334 exprimant,
1120 4250 1179 4328 vel,
1214 4249 1298 4331 quod

196 4348 229 4413 in
257 4349 316 4415 hoc
340 4349 464 4434 dialogo
491 4351 575 4418 idem
607 4356 666 4434 est,
702 4354 859 4434 quomodo
884 4352 978 4418 Plato
1000 4351 1161 4434 profectus
1182 4350 1221 4415 ab
1242 4350 1298 4414 illa

197 4451 354 4518 sententia
376 4455 419 4520 ad
439 4451 500 4521 hoc
520 4471 600 4536 opus
622 4455 871 4538 componendum
892 4453 1039 4520 rideatur
1060 4452 1250 4534 pervenisse.

1084 4561 1100 4612 a
