3000 5070
725 450 765 513 60

200 633 311 703 refert.
353 640 422 704 Iam
444 640 477 702 et
497 637 575 703 illud
597 641 741 718 apparet,
768 656 830 718 quo
851 643 944 719 pacto
968 636 1047 703 ideis
1071 637 1166 703 stotio
1188 637 1294 703 simul·

199 755 260 818 que
281 739 377 804 motio
401 739 495 804 tribui
515 739 624 820 possit.
655 757 720 804 non
740 757 816 804 vera
839 742 888 804 est
908 739 1004 803 motio
1025 756 1128 818 neque
1149 757 1217 805 esse
1237 757 1294 820 po·

198 842 270 917 test,
301 840 376 920 quia
404 840 587 905 excluderet
610 840 788 918 stationem,
821 839 877 904 sed
897 838 1042 904 motionis
1062 839 1177 920 imago,
1201 840 1293 920 siout,

199 939 252 1004 ubi
280 958 431 1021 generum
465 941 640 1006 communio
670 941 846 1021 exponitur,
875 941 954 1005 talia
975 938 1086 1004 verba:
1121 932 1292 1016 δύνασθαι,

198 1036 337 1121 ἐθέλειν,
356 1043 535 1116 κοινωνεῖν,
564 1033 652 1104 αἴτια
673 1031 756 1104 εἶναι
780 1031 929 1124 ἀλλήλων
952 1045 985 1106 et
1013 1040 1077 1106 alia
1098 1040 1219 1121 passim
1241 1039 1296 1105 ad·

198 1140 353 1206 hibentur.
398 1140 534 1218 Quaevis
555 1140 627 1206 idea
652 1159 709 1222 per
730 1159 764 1206 se
786 1141 912 1220 quidem
934 1145 1063 1206 aeterna
1084 1142 1133 1206 est
1155 1145 1187 1205 et
1208 1140 1294 1205 ultra

197 1239 298 1305 ullam
314 1243 535 1322 mutationem3
555 1241 759 1307 nihilominus
773 1245 880 1305 autem
894 1259 1002 1306 omnes
1018 1242 1106 1306 ideae
1118 1240 1292 1305 necessario

188 1340 239 1407 'ad
261 1361 360 1408 unum
376 1343 518 1408 idearum
532 1348 669 1423 systema
690 1343 932 1423 coniunguntur.
966 1343 1056 1407 velut
1079 1357 1186 1407 omnes
1208 1340 1298 1405 ideae

197 1461 266 1525 per
285 1462 326 1509 se
347 1448 459 1524 sunt3
481 1442 682 1509 nihilominus
705 1448 789 1525 sunt,
814 1444 889 1524 quia
910 1446 993 1508 entis
1011 1444 1102 1508 ideae
1126 1446 1200 1508 sunt
1220 1460 1293 1523 par·

198 1543 319 1625 tioipes;
343 1544 376 1608 in
397 1562 461 1625 qua
482 1563 517 1610 re
534 1548 701 1624 tantopere
723 1545 912 1624 interpretes
927 1544 1100 1610 haeserunt
1115 1544 1176 1625 ¹¹²).
1200 1542 1297 1608 simili

198 1647 291 1711 modo
313 1663 420 1711 omnes
449 1644 547 1722 ideae,
572 1645 716 1725 quamvis
739 1646 841 1712 alieno
866 1646 1004 1712 subsidio
1028 1662 1230 1726 nequaquam
1252 1645 1298 1709 in·

198 1745 316 1827 digent,
339 1748 447 1810 tamen
469 1762 538 1810 sese
560 1745 693 1810 invicem
721 1745 892 1812 excludunt
918 1749 950 1811 et
978 1745 1151 1821 involvunt,
1176 1747 1298 1810 susten·

198 1848 270 1910 tant
291 1849 324 1910 et
345 1846 536 1926 extinguunt
567 1838 618 1927 (τὸ
641 1838 686 1930 μὴ
709 1833 770 1925 ἶν’ν).
814 1844 913 1910 Nemo
945 1865 1006 1910 non
1028 1845 1187 1924 concedet,
1217 1843 1300 1911 hanc

198 1944 401 2011 dissidentem
422 1945 565 2010 idearum
592 1949 741 2010 naturam
766 1965 785 2010 a
806 1945 939 2012 Platone
960 1947 1096 2029 perbene
1117 1945 1204 2026 pingi
1228 1962 1298 2008 ver·

201 2046 264 2112 bis:
287 2045 382 2112 Ideae
403 2064 465 2111 non
479 2050 647 2112 moventur
669 2049 703 2110 et
722 2053 898 2113 moventur.

189 2158 193 2167 ·
299 2147 505 2213 Ascendimus
525 2166 683 2213 summum
704 2150 802 2215 totius
820 2147 940 2228 dialogi
961 2143 1150 2227 fastigium3'
1163 2144 1234 2210 finis
1248 2144 1299 2209 hic

204 2250 254 2312 est
279 2248 418 2313 omnium
447 2247 668 2315 difficultatum
696 2249 854 2329 simulque
885 2246 980 2312 officii
1007 2246 1109 2310 nostri
1141 2244 1298 2326 analytici.

200 2347 381 2428 Antequam
404 2365 478 2412 vero
498 2348 602 2413 omnia
624 2366 705 2429 quae
729 2348 914 2429 singillatim
936 2346 1146 2413 tractavimus
1158 2345 1301 2427 synthesi

199 2445 241 2512 ad
274 2446 430 2512 unitatem
459 2448 623 2512 studemus
651 2449 809 2532 colligere,
837 2449 947 2531 paucis
977 2447 1140 2514 dicendum
1178 2451 1227 2513 est
1260 2446 1300 2512 de

200 2546 333 2628 ratione,
363 2565 446 2628 quae
474 2547 568 2614 rebus
597 2549 630 2613 in
651 2548 800 2630 Sophiste
823 2550 975 2630 expositis
997 2548 1111 2614 adres
1134 2546 1298 2614 sensibiles

199 2646 250 2713 sit.
279 2645 349 2725 Qua
365 2646 405 2711 de
421 2665 457 2712 re
469 2650 544 2728 post
556 2667 603 2729 ea,
626 2666 708 2729 quae
722 2650 772 2715 hic
792 2648 854 2714 illic
874 2649 1021 2726 diximus,
1037 2647 1176 2713 breviter
1195 2652 1300 2730 potest

201 2748 263 2830 agi.
308 2747 509 2829 Quamquam
538 2755 587 2815 est
609 2749 765 2830 quaedam
788 2750 945 2830 voluptas,
968 2768 1018 2815 res
1042 2748 1205 2815 sensibiles
1227 2766 1299 2813 cum

198 2845 277 2912 ideis
299 2863 395 2926 quam
417 2848 592 2914 arctissime
613 2850 810 2929 coniungere,
834 2853 943 2914 tamen
965 2849 1066 2914 ubivis
1087 2848 1167 2913 bene
1190 2852 1299 2913 tenen·

200 2945 275 3010 dum
301 2952 358 3024 est,
382 2965 450 3013 esse
472 2965 526 3013 eas
548 2949 588 3013 ab
612 2949 676 3014 illis
696 2953 729 3014 et
750 2966 879 3014 manere
904 2953 971 3013 toto
998 2965 1114 3029 genere
1142 2948 1297 3027 diversam

200 3045 405 3126 quamobrem
425 3048 454 3112 si
473 3048 505 3112 in
526 3048 742 3114 communione
764 3066 916 3130 generum
937 3046 1020 3112 forte
1036 3047 1187 3113 vocabulo
1204 3043 1300 3128 μετέ-

199 3167 250 3225 χει
270 3144 478 3228 philosophus
510 3148 614 3213 utitur
639 3149 772 3229 aliisque
795 3148 959 3228 similibus,
994 3165 1196 3229 nequaquam
1226 3147 1300 3212 inde

200 3246 323 3327 opinari
340 3246 424 3327 licet,
447 3247 536 3314 ideas
559 3248 672 3314 deduci
694 3249 736 3314 ad
758 3267 809 3314 res
830 3249 1002 3328 sensibiles,
1027 3247 1112 3328 quod
1133 3264 1297 3327 nunquam

199 3346 267 3411 fieri
295 3350 413 3427 potest.
447 3348 541 3414 immo
570 3349 610 3414 ab
643 3348 721 3414 ideis
746 3368 804 3430 per
830 3349 919 3415 ideas
946 3349 986 3414 ad
1007 3348 1095 3413 ideas
1116 3347 1209 3412 Plato
1243 3345 1299 3411 illa

199 3451 292 3529 parte
312 3450 438 3527 transit,
461 3452 644 3529 posteaque,
663 3450 717 3515 ubi
733 3449 774 3515 ad
786 3450 1015 3516 ostendendum
1030 3465 1172 3514 errorem
1187 3446 1298 3511 mixtio

200 3547 333 3613 ahcuius
356 3549 509 3630 opinionis
534 3568 606 3615 cum
632 3550 737 3631 aliquo
768 3555 919 3615 non-ente
946 3553 1017 3614 erat
1048 3547 1222 3628 probanda,
1253 3546 1300 3611 sic

199 3665 267 3712 rem
280 3649 371 3730 gerit,
395 3654 432 3713 ut
447 3649 628 3715 inductione
642 3651 845 3728 demonstret,
867 3649 1019 3730 opinionis
1041 3649 1145 3713 ideam
1164 3646 1298 3711 mixtam

199 3747 291 3814 ideae
312 3749 469 3815 non-entis
491 3748 613 3816 efficere
635 3750 750 3816 erroris
768 3749 887 3831 ideam3
909 3768 984 3815 nam
1005 3749 1033 3816 si
1051 3749 1142 3816 ideae
1163 3750 1300 3828 possunt

300 4009 364 4074 112)
384 4008 511 4064 Bonitz
529 4027 555 4079 p.
570 4012 634 4066 326:
660 4010 810 4066 ‘Wdhrend
827 4009 949 4065 ndmlich
971 4006 1114 4062 einereeits
1136 4005 1186 4058 der
1207 4002 1300 4056 Inhalt

200 4093 275 4148 eines
291 4094 376 4164 jeden
393 4095 537 4167 Begriffes,
556 4098 618 4152 weil
628 4097 726 4168 Objeot
744 4099 791 4153 des
809 4099 981 4160 Erkennens,
1008 4095 1107 4148 darum
1123 4109 1158 4146 an
1176 4089 1236 4145 sich
1253 4089 1299 4151 ist,

200 4182 307 4236 kommt
323 4182 381 4236 ihm
399 4184 584 4240 andererseits
603 4185 652 4240 das
673 4185 737 4240 Sein
755 4203 804 4240 aus
822 4186 872 4240 der
882 4181 1086 4240 Gemeinsohatt
1102 4180 1156 4234 mit
1174 4178 1224 4232 der
1235 4176 1300 4230 Idae

195 4269 249 4324 'des
268 4269 412 4335 Seienden,
427 4272 487 4326 und
504 4273 549 4328 die
566 4274 625 4328 ihm
646 4292 682 4328 an
700 4274 759 4327 sich
778 4273 1011 4343 zugesohriebene
1025 4270 1147 4326 Reolitit
1164 4264 1237 4320 wird
1254 4263 1301 4317 da·

201 4356 290 4411 durch
315 4357 376 4412 eine
397 4359 539 4430 bedingte,
562 4379 611 4415 aus
635 4361 685 4416 der
701 4360 860 4430 Beziehung
883 4378 918 4414 zu
935 4359 1012 4413 einer
1030 4355 1137 4410 andern
1154 4351 1219 4406 Ideo
1237 4354 1297 4404 ent·

199 4444 310 4500 lehnte.’
