3000 5070
741 407 780 469 23

130 691 137 703 θ
210 611 390 690 quaerendo
422 610 565 692 sophista
592 627 775 692 supremum
802 607 876 672 libri
899 608 1097 691 propositum
1131 609 1183 674 vel
1211 610 1309 675 etiam

208 713 430 778 secundarium
449 712 639 794 conspicere,
661 711 842 776 desinamus
855 709 914 776 has
932 709 1101 776 divisiones
1122 711 1189 775 sive
1202 728 1310 776 omnes

208 815 275 879 sive
304 813 497 895 posteriores
530 817 602 878 arte
629 812 773 878 Platonis
803 810 1026 890 celebrataque
1048 810 1116 875 eius
1143 809 1309 877 dialectica

208 912 319 995 dignas
340 913 471 979 habere!
503 913 703 993 Quamquam
724 911 804 978 haec
825 912 929 977 omnia
956 910 1084 994 plenam
1111 910 1206 978 fidem
1238 917 1309 978 tum

207 1015 336 1080 demum
351 1013 522 1094 habebunt,
544 1032 616 1078 cum
630 1016 727 1079 etiam
741 1014 830 1093 illud,
853 1030 949 1093 quem
970 1014 1011 1078 ad
1027 1011 1123 1078 finem
1142 1017 1213 1078 tota
1229 1012 1309 1078 haec

206 1118 335 1196 cingens
362 1135 438 1198 pars
460 1136 481 1181 a
503 1133 647 1182 summae
675 1117 756 1181 artis
779 1115 934 1197 scriptore
959 1114 1091 1194 reliquis
1112 1115 1155 1180 sit
1175 1115 1307 1179 circum-

204 1217 297 1295 iecta,
328 1235 350 1280 a
383 1215 474 1281 nobis
506 1217 568 1280 erit
599 1216 770 1297 cognitum.
812 1214 882 1279 Iam
910 1232 986 1281 vero
1014 1232 1071 1280 cur
1094 1213 1174 1279 haec
1202 1214 1308 1280 omnia

206 1315 299 1381 Plato
320 1317 506 1395 instituerit,
529 1335 585 1381 cur
606 1321 756 1381 naturam
775 1315 937 1398 sophistae
963 1316 1104 1381 breviter
1131 1320 1165 1381 et
1188 1317 1308 1398 optime

206 1415 416 1497 significatam
436 1417 531 1482 simul
552 1435 624 1482 cum
645 1416 761 1481 studiis
781 1417 863 1481 varii
886 1418 946 1482 viri
968 1417 1058 1498 vagis
1085 1422 1119 1481 et
1139 1415 1307 1481 versicolo-

205 1519 293 1584 ribus
316 1519 409 1584 uuius
431 1537 470 1583 ac
492 1523 600 1583 certae
623 1518 817 1584 definitionis
837 1519 985 1585 claustris
1005 1534 1150 1584 coercere
1164 1518 1232 1582 sive
1251 1535 1305 1583 uo

204 1619 301 1683 luerit
331 1619 398 1684 sive
426 1620 616 1699 nequiverit,
653 1638 710 1685 eur
748 1618 906 1702 hospitem
936 1619 1116 1684 Eleaticum
1147 1617 1307 1684 taediosas

203 1719 277 1785 illas
298 1724 332 1785 et
353 1721 478 1802 ineptas
492 1720 660 1787 divisiones
678 1727 876 1804 promentem
899 1722 1070 1801 induxerit,
1091 1740 1149 1786 our
1170 1720 1307 1800 denique

205 1820 247 1886 ad
267 1821 332 1885 ima
353 1821 573 1904 philosophiae
593 1841 685 1890 sacra
703 1823 827 1889 aditum
847 1823 908 1890 hac
928 1823 1064 1889 ridicula
1083 1827 1117 1888 et
1136 1838 1211 1887 vere
1233 1822 1305 1887 sile

204 1922 276 1986 nica
295 1919 378 1987 facie
396 1922 610 1988 obstruxerit:
642 1942 681 1989 ea
701 1925 808 1989 omnia
827 1924 921 2006 plene
942 1930 976 1989 et
995 1923 1108 2002 lucide,
1131 1940 1305 2005 speramus,

205 2022 413 2104 apparebunt,
435 2028 606 2105 postquam
626 2042 734 2090 rerum
755 2027 960 2092 molestarum
984 2025 1194 2107 explicatione
1212 2024 1306 2088 nimis

202 2123 258 2188 diu
277 2124 343 2188 iam
363 2124 516 2205 implicati
528 2130 681 2204 tauquam
694 2126 768 2190 duri
781 2125 899 2191 laboris
920 2126 1013 2192 duloe
1032 2125 1210 2208 praemium
1228 2123 1304 2205 ipsi·

202 2243 241 2290 us
269 2223 357 2288 illius
386 2223 566 2307 philosophi
585 2214 771 2308 ἀγάλματος
792 2227 883 2293 nohis
902 2227 1138 2310 permiserimus
1166 2229 1304 2290 oontem-

202 2324 385 2406 plationem.

302 2425 407 2489 Antea
418 2442 493 2490 vero
504 2426 562 2490 sub
574 2426 670 2492 huius
683 2429 785 2510 partis
796 2427 891 2493 finem
902 2428 1010 2510 accipe
1023 2426 1160 2507 denique
1169 2443 1305 2508 parvum

203 2525 294 2606 quasi
304 2524 413 2607 δρᾶμα
422 2522 606 2610 σατυρικόν.
620 2528 768 2609 Groteus‚
783 2531 888 2596 nescio
906 2531 1031 2596 iocatus
1042 2546 1083 2594 an
1093 2546 1208 2610 pamm
1218 2547 1238 2592 a
1248 2545 1302 2592 uo·

200 2626 251 2691 his
264 2626 452 2706 intellectus,
465 2627 588 2694 Dianae
602 2629 723 2708 similis,
735 2631 897 2712 sophistae
919 2635 1051 2696 strenua
1061 2629 1229 2694 venatione
1249 2646 1302 2693 ve·

201 2727 272 2791 xati
281 2728 492 2808 patrocinium
502 2731 642 2810 susoepit
651 2736 764 2795 contra
774 2729 950 2808 Platonem,
962 2730 1022 2795 hoc
1031 2729 1302 2810 modozprimum:

201 2827 264 2891 duo
286 2825 449 2908 sophistae
470 2829 608 2908 uomina,
639 2826 978 2914 ε’ναντιοποιολογικός
1008 2834 1042 2895 et
1063 2822 1162 2911 εἴρων
1182 2827 1224 2893 ad
1246 2826 1302 2892 So

200 2932 323 2992 cratem
343 2930 445 3010 magis
471 2947 567 3007 quam
590 2930 632 2994 ad
660 2931 820 3014 sophistas
849 2933 1019 3015 pertinent
1048 2930 1132 2995 idem
1154 2927 1302 2995 Socrates

201 3025 283 3092 νέων
298 3027 468 3093 πλουσίων
488 3028 543 3093 καὶ
565 3025 705 3112 ἐνδόξων
724 3027 834 3118 θήρας
854 3038 929 3117 (222
937 3034 981 3114 A)
1006 3033 1109 3113 magis
1126 3032 1302 3098 molliusest

201 3149 297 3211 quam
319 3129 481 3212 sophistae
502 3131 616 3213 (Grote
635 3152 666 3214 p.
677 3135 849 3218 428-29).
891 3134 1009 3200 Contra
1029 3133 1094 3200 alia
1113 3132 1177 3198 duo
1197 3134 1232 3197 in
1250 3150 1300 3197 so·

200 3229 341 3311 phistam
371 3232 551 3315 opprobria,
586 3235 671 3313 quod
704 3237 809 3301 omnia
841 3253 876 3300 se
902 3237 984 3301 scire
1010 3233 1139 3299 amrnlet
1160 3232 1236 3315 (233
1247 3232 1300 3314 A),

199 3332 284 3411 quod
305 3326 498 3418 δοξαστικήν
522 3357 594 3397 τινα
617 3330 800 3420 ἐπιστήμην
825 3335 943 3402 habeat
962 3334 1093 3417 (2330),
1123 3334 1164 3398 ad
1196 3333 1301 3415 ipsum

200 3430 366 3498 Platonem
388 3434 576 3499 redundant.
597 3437 677 3502 illud
701 3439 785 3502 enim
805 3438 919 3502 vitium
933 3437 1053 3519 passim
1072 3436 1107 3500 in
1124 3434 1214 3500 libris
1228 3433 1300 3499 Pla·

198 3533 323 3613 tonicis,
346 3532 406 3599 hoc
426 3536 458 3599 in
479 3536 608 3602 limace
628 3539 839 3604 committitur
859 3537 974 3620 (Grote
992 3541 1096 3620 p.431
1108 3542 1177 3616 sq).
1195 3571 1235 3581 -
1256 3533 1300 3599 Et

198 3630 240 3696 ad
262 3632 342 3698 haec
365 3635 492 3715 quidem
513 3636 624 3703 Grotci
647 3633 819 3722 παράδοξα
839 3640 962 3705 iustum
982 3655 1168 3720 responsum
1181 3636 1300 3716 legitur

199 3731 295 3815 Soph.
308 3737 366 3797 231
376 3735 413 3799 A.
458 3735 548 3814 Quod
568 3757 643 3805 vero
671 3741 785 3806 deinde
812 3741 897 3806 idem
917 3738 1045 3804 Platoni
1074 3736 1181 3815 obicit,
1215 3753 1297 3815 eum,

199 3833 290 3898 cuius
309 3836 472 3916 negotium
490 3834 530 3901 cd
552 3828 784 3922 ἐπιλέγεσθαι
804 3842 856 3918 sit,
886 3857 948 3905 nou
966 3855 1061 3921 posse
1079 3836 1187 3902 induci
1206 3855 1299 3902 omne

198 3932 324 4014 ψεῦδος
339 3941 510 4015 negantem
521 3938 572 4020 ⁴⁰),
593 3938 627 4002 id
643 3957 736 4006 nemo
757 3941 917 4020 concedet,
938 3940 994 4020 qui
1010 3938 1197 4018 meminerit,
1222 3956 1298 4019 quo

198 4074 436 4144 amusehreiben,'
449 4094 521 4146 quae
534 4079 621 4134 verba
631 4097 722 4150 neque
735 4082 831 4136 artis
849 4081 1108 4137 necessitatem
1120 4097 1211 4150 neque
1222 4097 1297 4136 eou-

198 4161 276 4216 ailii
293 4163 467 4218 unitatem
485 4166 711 4224 desiderantibus
728 4169 889 4240 placebunt.

297 4252 344 4322 40)
364 4252 476 4308 Grote
493 4255 529 4322 11,
548 4273 576 4325 p.
588 4259 654 4312 433:
671 4259 698 4312 ‘a
716 4257 862 4328 preferred
878 4257 1024 4328 disputant
1040 4275 1106 4328 may
1122 4258 1244 4329 perhaps
1261 4258 1297 4314 be

197 4337 314 4392 aecused
331 4338 363 4392 of
377 4339 528 4411 admitting
548 4343 668 4414 nothing
686 4349 716 4399 to
733 4345 770 4399 be
795 4349 874 4413 true;
903 4346 955 4399 hut
980 4345 1016 4400 he
1042 4350 1146 4401 cannot
1171 4347 1234 4401 well
1260 4347 1296 4403 bs

196 4425 321 4497 charged
338 4427 406 4482 with
422 4430 607 4504 maintaiuing
623 4432 686 4488 tusa
703 4433 822 4504 nothing
839 4431 966 4492 moise!
