<?xml version="1.0" encoding="UTF-8"?>
<!DOCTYPE html PUBLIC "-//W3C//DTD XHTML 1.0 Transitional//EN"
    "http://www.w3.org/TR/xhtml1/DTD/xhtml1-transitional.dtd">
<html xmlns="http://www.w3.org/1999/xhtml" xml:lang="en" lang="en">
 <head>
  <title>
</title>
<meta http-equiv="Content-Type" content="text/html;charset=utf-8" />
  <meta name='ocr-system' content='tesseract 3.04.00' />
  <meta name='ocr-capabilities' content='ocr_page ocr_carea ocr_par ocr_line ocrx_word'/>
</head>
<body>
  <div class='ocr_page' id='page_1' title='image "./commentatiodepl00deusgoog_0078.png"; bbox 0 0 3000 5070; ppageno 0'>
   <div class='ocr_carea' id='block_1_1' title="bbox 700 448 741 510">
    <p class='ocr_par' dir='ltr' id='par_1_1' title="bbox 700 448 741 510">
     <span class='ocr_line' id='line_1_1' title="bbox 700 448 741 510; baseline 0 0"><span class='ocrx_word' id='word_1_1' title='bbox 700 448 741 510; x_wconf 83' lang='grc'>69</span> 
     </span>
    </p>
   </div>
   <div class='ocr_carea' id='block_1_2' title="bbox 172 627 1270 813">
    <p class='ocr_par' dir='ltr' id='par_1_2' title="bbox 172 627 1270 813">
     <span class='ocr_line' id='line_1_2' title="bbox 172 627 1269 716; baseline -0.006 -10"><span class='ocrx_word' id='word_1_2' title='bbox 172 627 337 706; x_wconf 86' lang='lat' dir='ltr'>sationem.</span> <span class='ocrx_word' id='word_1_3' title='bbox 350 633 535 700; x_wconf 84' lang='lat' dir='ltr'>AcBonitzii</span> <span class='ocrx_word' id='word_1_4' title='bbox 545 633 722 716; x_wconf 83' lang='lat' dir='ltr'>opinionem</span> <span class='ocrx_word' id='word_1_5' title='bbox 734 651 830 714; x_wconf 91' lang='lat' dir='ltr'>supra</span> <span class='ocrx_word' id='word_1_6' title='bbox 839 631 884 714; x_wconf 89' lang='lat' dir='ltr'>(p.</span> <span class='ocrx_word' id='word_1_7' title='bbox 895 630 1001 716; x_wconf 79' lang='lat' dir='ltr'>fssq.)</span> <span class='ocrx_word' id='word_1_8' title='bbox 1011 631 1269 699; x_wconf 80' lang='lat' dir='ltr'><strong>examinavimus,</strong></span> 
     </span>
     <span class='ocr_line' id='line_1_3' title="bbox 173 732 1270 813; baseline -0.004 -9"><span class='ocrx_word' id='word_1_9' title='bbox 173 741 276 804; x_wconf 79' lang='lat' dir='ltr'><strong>Aliter</strong></span> <span class='ocrx_word' id='word_1_10' title='bbox 287 737 427 802; x_wconf 90' lang='lat' dir='ltr'>Zellerus</span> <span class='ocrx_word' id='word_1_11' title='bbox 440 740 556 813; x_wconf 84' lang='lat' dir='ltr'>censet,</span> <span class='ocrx_word' id='word_1_12' title='bbox 571 733 738 798; x_wconf 84' lang='lat' dir='ltr'>Platonem</span> <span class='ocrx_word' id='word_1_13' title='bbox 750 733 911 799; x_wconf 84' lang='lat' dir='ltr'>divisionis</span> <span class='ocrx_word' id='word_1_14' title='bbox 926 732 1120 813; x_wconf 82' lang='lat' dir='ltr'>methodum,</span> <span class='ocrx_word' id='word_1_15' title='bbox 1143 752 1215 799; x_wconf 92' lang='lat' dir='ltr'>cum</span> <span class='ocrx_word' id='word_1_16' title='bbox 1229 734 1270 800; x_wconf 90' lang='lat' dir='ltr'>ab</span> 
     </span>
    </p>
   </div>
   <div class='ocr_carea' id='block_1_3' title="bbox 169 834 1271 1323">
    <p class='ocr_par' dir='ltr' id='par_1_3' title="bbox 169 834 1271 1323">
     <span class='ocr_line' id='line_1_4' title="bbox 172 834 1271 914; baseline -0.004 -10"><span class='ocrx_word' id='word_1_17' title='bbox 172 841 244 905; x_wconf 88' lang='lat' dir='ltr'>aliis</span> <span class='ocrx_word' id='word_1_18' title='bbox 257 838 381 903; x_wconf 84' lang='lat' dir='ltr'>videret</span> <span class='ocrx_word' id='word_1_19' title='bbox 395 836 532 914; x_wconf 85' lang='lat' dir='ltr'>irrisam,</span> <span class='ocrx_word' id='word_1_20' title='bbox 554 852 592 899; x_wconf 91' lang='lat' dir='ltr'>eo</span> <span class='ocrx_word' id='word_1_21' title='bbox 611 835 800 899; x_wconf 82' lang='lat' dir='ltr'>obstinatius</span> <span class='ocrx_word' id='word_1_22' title='bbox 812 834 988 899; x_wconf 88' lang='lat' dir='ltr'>obtinuisse</span> <span class='ocrx_word' id='word_1_23' title='bbox 1008 839 1041 898; x_wconf 92' lang='lat' dir='ltr'>et</span> <span class='ocrx_word' id='word_1_24' title='bbox 1060 852 1101 899; x_wconf 90' lang='lat' dir='ltr'>ne</span> <span class='ocrx_word' id='word_1_25' title='bbox 1119 835 1271 900; x_wconf 76' lang='lat' dir='ltr'>ridiculas</span> 
     </span>
     <span class='ocr_line' id='line_1_5' title="bbox 171 933 1269 1022; baseline -0.005 -17"><span class='ocrx_word' id='word_1_26' title='bbox 171 939 298 1022; x_wconf 91' lang='lat' dir='ltr'>quidem</span> <span class='ocrx_word' id='word_1_27' title='bbox 321 937 560 1016; x_wconf 83' lang='lat' dir='ltr'>consequentias</span> <span class='ocrx_word' id='word_1_28' title='bbox 587 934 743 1016; x_wconf 83' lang='lat' dir='ltr'>refugisse</span> <span class='ocrx_word' id='word_1_29' title='bbox 756 933 824 1016; x_wconf 76' lang='grc'>128);</span> <span class='ocrx_word' id='word_1_30' title='bbox 858 941 893 1001; x_wconf 89' lang='lat' dir='ltr'>at</span> <span class='ocrx_word' id='word_1_31' title='bbox 922 953 959 1000; x_wconf 91' lang='lat' dir='ltr'>eo</span> <span class='ocrx_word' id='word_1_32' title='bbox 988 935 1173 1017; x_wconf 85' lang='lat' dir='ltr'>diligentius</span> <span class='ocrx_word' id='word_1_33' title='bbox 1197 955 1269 1018; x_wconf 83' lang='lat' dir='ltr'>pro</span> 
     </span>
     <span class='ocr_line' id='line_1_6' title="bbox 170 1036 1271 1119; baseline -0.003 -12"><span class='ocrx_word' id='word_1_34' title='bbox 170 1041 252 1107; x_wconf 85' lang='lat' dir='ltr'>fecto</span> <span class='ocrx_word' id='word_1_35' title='bbox 282 1041 387 1105; x_wconf 86' lang='lat' dir='ltr'>omnia</span> <span class='ocrx_word' id='word_1_36' title='bbox 414 1038 608 1103; x_wconf 86' lang='lat' dir='ltr'>elaborasset</span> <span class='ocrx_word' id='word_1_37' title='bbox 639 1055 741 1117; x_wconf 89' lang='lat' dir='ltr'>neque</span> <span class='ocrx_word' id='word_1_38' title='bbox 769 1036 835 1101; x_wconf 93' lang='lat' dir='ltr'>ullo</span> <span class='ocrx_word' id='word_1_39' title='bbox 863 1042 957 1119; x_wconf 85' lang='lat' dir='ltr'>pecto</span> <span class='ocrx_word' id='word_1_40' title='bbox 978 1037 1159 1102; x_wconf 87' lang='lat' dir='ltr'>admisisset</span> <span class='ocrx_word' id='word_1_41' title='bbox 1177 1037 1271 1104; x_wconf 87' lang='lat' dir='ltr'>hasce</span> 
     </span>
     <span class='ocr_line' id='line_1_7' title="bbox 169 1133 1271 1224; baseline -0.004 -18"><span class='ocrx_word' id='word_1_42' title='bbox 169 1140 396 1224; x_wconf 81' lang='lat' dir='ltr'>neglegentias.</span> <span class='ocrx_word' id='word_1_43' title='bbox 437 1139 563 1218; x_wconf 88' lang='lat' dir='ltr'>Reliqui</span> <span class='ocrx_word' id='word_1_44' title='bbox 592 1138 633 1201; x_wconf 91' lang='lat' dir='ltr'>ad</span> <span class='ocrx_word' id='word_1_45' title='bbox 665 1138 769 1202; x_wconf 86' lang='lat' dir='ltr'>iocum</span> <span class='ocrx_word' id='word_1_46' title='bbox 802 1144 836 1202; x_wconf 90' lang='lat' dir='ltr'>et</span> <span class='ocrx_word' id='word_1_47' title='bbox 866 1133 1043 1218; x_wconf 80' lang='grc' dir='ltr'><em>εἰρωνείαν,</em></span> <span class='ocrx_word' id='word_1_48' title='bbox 1078 1156 1142 1219; x_wconf 87' lang='lat' dir='ltr'>qua</span> <span class='ocrx_word' id='word_1_49' title='bbox 1169 1143 1271 1204; x_wconf 88' lang='lat' dir='ltr'>semet</span> 
     </span>
     <span class='ocr_line' id='line_1_8' title="bbox 171 1235 1270 1323; baseline -0.002 -17"><span class='ocrx_word' id='word_1_50' title='bbox 171 1242 276 1323; x_wconf 93' lang='lat' dir='ltr'>ipsum</span> <span class='ocrx_word' id='word_1_51' title='bbox 300 1239 392 1303; x_wconf 88' lang='lat' dir='ltr'>Plato</span> <span class='ocrx_word' id='word_1_52' title='bbox 414 1238 661 1319; x_wconf 86' lang='lat' dir='ltr'>perstrinxisset,</span> <span class='ocrx_word' id='word_1_53' title='bbox 683 1235 890 1317; x_wconf 83' lang='lat' dir='ltr'>confugerunt</span> <span class='ocrx_word' id='word_1_54' title='bbox 903 1237 972 1318; x_wconf 71' lang='grc'>129);</span> <span class='ocrx_word' id='word_1_55' title='bbox 994 1242 1147 1317; x_wconf 85' lang='lat' dir='ltr'>tanquam</span> <span class='ocrx_word' id='word_1_56' title='bbox 1167 1238 1270 1319; x_wconf 93' lang='lat' dir='ltr'>philo·</span> 
     </span>
    </p>
   </div>
   <div class='ocr_carea' id='block_1_4' title="bbox 169 1338 1271 2122">
    <p class='ocr_par' dir='ltr' id='par_1_4' title="bbox 169 1338 1271 1924">
     <span class='ocr_line' id='line_1_9' title="bbox 171 1338 1271 1422; baseline -0.005 -15"><span class='ocrx_word' id='word_1_57' title='bbox 171 1341 291 1422; x_wconf 90' lang='lat' dir='ltr'>sophus</span> <span class='ocrx_word' id='word_1_58' title='bbox 312 1357 403 1403; x_wconf 87' lang='lat' dir='ltr'>suam</span> <span class='ocrx_word' id='word_1_59' title='bbox 424 1339 631 1416; x_wconf 85' lang='lat' dir='ltr'>dialecticam,</span> <span class='ocrx_word' id='word_1_60' title='bbox 656 1356 752 1418; x_wconf 87' lang='lat' dir='ltr'>quam</span> <span class='ocrx_word' id='word_1_61' title='bbox 774 1354 975 1418; x_wconf 86' lang='lat' dir='ltr'>summopere</span> <span class='ocrx_word' id='word_1_62' title='bbox 1000 1338 1101 1402; x_wconf 91' lang='lat' dir='ltr'>ubivis</span> <span class='ocrx_word' id='word_1_63' title='bbox 1125 1339 1210 1402; x_wconf 90' lang='lat' dir='ltr'>tollit</span> <span class='ocrx_word' id='word_1_64' title='bbox 1237 1343 1271 1402; x_wconf 88' lang='lat' dir='ltr'>et</span> 
     </span>
     <span class='ocr_line' id='line_1_10' title="bbox 170 1438 1270 1519; baseline -0.004 -12"><span class='ocrx_word' id='word_1_65' title='bbox 170 1440 376 1516; x_wconf 87' lang='lat' dir='ltr'>commendat,</span> <span class='ocrx_word' id='word_1_66' title='bbox 399 1439 504 1504; x_wconf 91' lang='lat' dir='ltr'>subito</span> <span class='ocrx_word' id='word_1_67' title='bbox 515 1439 567 1503; x_wconf 93' lang='lat' dir='ltr'>hic</span> <span class='ocrx_word' id='word_1_68' title='bbox 579 1439 655 1502; x_wconf 91' lang='lat' dir='ltr'>risui</span> <span class='ocrx_word' id='word_1_69' title='bbox 672 1439 811 1518; x_wconf 89' lang='lat' dir='ltr'>potuerit</span> <span class='ocrx_word' id='word_1_70' title='bbox 829 1439 964 1519; x_wconf 90' lang='lat' dir='ltr'>prodere</span> <span class='ocrx_word' id='word_1_71' title='bbox 979 1439 1071 1518; x_wconf 89' lang='lat' dir='ltr'>eique</span> <span class='ocrx_word' id='word_1_72' title='bbox 1083 1438 1270 1504; x_wconf 88' lang='lat' dir='ltr'>iustissimo!</span> 
     </span>
     <span class='ocr_line' id='line_1_11' title="bbox 170 1537 1270 1620; baseline -0.003 -13"><span class='ocrx_word' id='word_1_73' title='bbox 170 1542 238 1619; x_wconf 85' lang='lat' dir='ltr'>Est,</span> <span class='ocrx_word' id='word_1_74' title='bbox 255 1541 307 1605; x_wconf 92' lang='lat' dir='ltr'>ubi</span> <span class='ocrx_word' id='word_1_75' title='bbox 327 1557 380 1604; x_wconf 88' lang='lat' dir='ltr'>res</span> <span class='ocrx_word' id='word_1_76' title='bbox 399 1557 475 1604; x_wconf 85' lang='lat' dir='ltr'>suas</span> <span class='ocrx_word' id='word_1_77' title='bbox 490 1557 620 1620; x_wconf 88' lang='lat' dir='ltr'>carpere</span> <span class='ocrx_word' id='word_1_78' title='bbox 630 1537 723 1603; x_wconf 87' lang='lat' dir='ltr'>Plato</span> <span class='ocrx_word' id='word_1_79' title='bbox 747 1539 911 1619; x_wconf 80' lang='lat' dir='ltr'>videatur3</span> <span class='ocrx_word' id='word_1_80' title='bbox 932 1557 1097 1618; x_wconf 90' lang='lat' dir='ltr'>nunquam</span> <span class='ocrx_word' id='word_1_81' title='bbox 1116 1557 1270 1620; x_wconf 84' lang='lat' dir='ltr'>remeas,</span> 
     </span>
     <span class='ocr_line' id='line_1_12' title="bbox 170 1639 1270 1723; baseline -0.002 -16"><span class='ocrx_word' id='word_1_82' title='bbox 170 1659 253 1723; x_wconf 88' lang='lat' dir='ltr'>quae</span> <span class='ocrx_word' id='word_1_83' title='bbox 274 1641 357 1705; x_wconf 89' lang='lat' dir='ltr'>seria</span> <span class='ocrx_word' id='word_1_84' title='bbox 380 1639 623 1720; x_wconf 85' lang='lat' dir='ltr'>reprehensione</span> <span class='ocrx_word' id='word_1_85' title='bbox 645 1645 720 1704; x_wconf 91' lang='lat' dir='ltr'>sunt</span> <span class='ocrx_word' id='word_1_86' title='bbox 740 1640 864 1721; x_wconf 84' lang='lat' dir='ltr'>dignae.</span> <span class='ocrx_word' id='word_1_87' title='bbox 903 1639 1052 1705; x_wconf 81' lang='lat' dir='ltr'>Ceterum</span> <span class='ocrx_word' id='word_1_88' title='bbox 1074 1656 1192 1720; x_wconf 87' lang='lat' dir='ltr'>eorum,</span> <span class='ocrx_word' id='word_1_89' title='bbox 1215 1641 1270 1720; x_wconf 92' lang='lat' dir='ltr'>qui</span> 
     </span>
     <span class='ocr_line' id='line_1_13' title="bbox 170 1740 1269 1820; baseline 0.002 -14"><span class='ocrx_word' id='word_1_90' title='bbox 170 1742 337 1806; x_wconf 86' lang='lat' dir='ltr'>Platonem</span> <span class='ocrx_word' id='word_1_91' title='bbox 359 1744 487 1806; x_wconf 90' lang='lat' dir='ltr'>censent</span> <span class='ocrx_word' id='word_1_92' title='bbox 507 1744 608 1805; x_wconf 91' lang='lat' dir='ltr'>semet</span> <span class='ocrx_word' id='word_1_93' title='bbox 629 1741 734 1820; x_wconf 91' lang='lat' dir='ltr'>ipsum</span> <span class='ocrx_word' id='word_1_94' title='bbox 755 1740 914 1819; x_wconf 90' lang='lat' dir='ltr'>simulque</span> <span class='ocrx_word' id='word_1_95' title='bbox 942 1740 1020 1806; x_wconf 88' lang='lat' dir='ltr'>ahos</span> <span class='ocrx_word' id='word_1_96' title='bbox 1042 1759 1106 1804; x_wconf 85' lang='lat' dir='ltr'>una</span> <span class='ocrx_word' id='word_1_97' title='bbox 1125 1741 1269 1820; x_wconf 87' lang='lat' dir='ltr'>irrisisse,</span> 
     </span>
     <span class='ocr_line' id='line_1_14' title="bbox 169 1841 1066 1924; baseline -0.001 -17"><span class='ocrx_word' id='word_1_98' title='bbox 169 1862 233 1924; x_wconf 93' lang='lat' dir='ltr'>quo</span> <span class='ocrx_word' id='word_1_99' title='bbox 254 1842 382 1923; x_wconf 92' lang='lat' dir='ltr'>propior</span> <span class='ocrx_word' id='word_1_100' title='bbox 402 1859 477 1906; x_wconf 91' lang='lat' dir='ltr'>vero</span> <span class='ocrx_word' id='word_1_101' title='bbox 499 1845 549 1904; x_wconf 92' lang='lat' dir='ltr'>est</span> <span class='ocrx_word' id='word_1_102' title='bbox 571 1842 738 1918; x_wconf 84' lang='lat' dir='ltr'>sententie,</span> <span class='ocrx_word' id='word_1_103' title='bbox 762 1858 799 1904; x_wconf 90' lang='lat' dir='ltr'>eo</span> <span class='ocrx_word' id='word_1_104' title='bbox 822 1844 871 1905; x_wconf 90' lang='lat' dir='ltr'>est</span> <span class='ocrx_word' id='word_1_105' title='bbox 892 1841 1066 1906; x_wconf 87' lang='lat' dir='ltr'>absurdior.</span> 
     </span>
    </p>

    <p class='ocr_par' dir='ltr' id='par_1_5' title="bbox 171 1938 1269 2122">
     <span class='ocr_line' id='line_1_15' title="bbox 269 1938 1269 2020; baseline -0.001 -14"><span class='ocrx_word' id='word_1_106' title='bbox 269 1941 365 2006; x_wconf 88' lang='lat' dir='ltr'>Vides</span> <span class='ocrx_word' id='word_1_107' title='bbox 385 1940 602 2020; x_wconf 89' lang='lat' dir='ltr'>quaestionem</span> <span class='ocrx_word' id='word_1_108' title='bbox 624 1957 693 2004; x_wconf 88' lang='lat' dir='ltr'>esse</span> <span class='ocrx_word' id='word_1_109' title='bbox 714 1938 943 2004; x_wconf 87' lang='lat' dir='ltr'>difficillimam.</span> <span class='ocrx_word' id='word_1_110' title='bbox 977 1942 1182 2019; x_wconf 89' lang='lat' dir='ltr'>quamobrem</span> <span class='ocrx_word' id='word_1_111' title='bbox 1206 1942 1269 2005; x_wconf 94' lang='lat' dir='ltr'>col·</span> 
     </span>
     <span class='ocr_line' id='line_1_16' title="bbox 171 2038 1269 2122; baseline 0.002 -18"><span class='ocrx_word' id='word_1_112' title='bbox 171 2041 235 2122; x_wconf 85' lang='lat' dir='ltr'>lige</span> <span class='ocrx_word' id='word_1_113' title='bbox 265 2040 418 2120; x_wconf 91' lang='lat' dir='ltr'>quidquid</span> <span class='ocrx_word' id='word_1_114' title='bbox 448 2038 545 2103; x_wconf 86' lang='lat' dir='ltr'>habes</span> <span class='ocrx_word' id='word_1_115' title='bbox 577 2039 815 2107; x_wconf 84' lang='lat' dir='ltr'>benevolentiae</span> <span class='ocrx_word' id='word_1_116' title='bbox 843 2045 877 2104; x_wconf 89' lang='lat' dir='ltr'>et</span> <span class='ocrx_word' id='word_1_117' title='bbox 908 2040 1014 2121; x_wconf 83' lang='lat' dir='ltr'>accipe</span> <span class='ocrx_word' id='word_1_118' title='bbox 1040 2040 1189 2120; x_wconf 87' lang='lat' dir='ltr'>adquae</span> <span class='ocrx_word' id='word_1_119' title='bbox 1217 2060 1269 2106; x_wconf 91' lang='lat' dir='ltr'>me</span> 
     </span>
    </p>
   </div>
   <div class='ocr_carea' id='block_1_5' title="bbox 71 2139 714 2233">
    <p class='ocr_par' dir='ltr' id='par_1_6' title="bbox 71 2139 714 2233">
     <span class='ocr_line' id='line_1_17' title="bbox 71 2139 714 2233; baseline -0.006 -29"><span class='ocrx_word' id='word_1_120' title='bbox 71 2221 87 2233; x_wconf 61' lang='lat'><em>„</em></span> <span class='ocrx_word' id='word_1_121' title='bbox 171 2142 304 2206; x_wconf 87' lang='lat' dir='ltr'>invitum</span> <span class='ocrx_word' id='word_1_122' title='bbox 327 2139 513 2221; x_wconf 89' lang='lat' dir='ltr'>compulerit</span> <span class='ocrx_word' id='word_1_123' title='bbox 533 2141 714 2205; x_wconf 88' lang='lat' dir='ltr'>necessitas.</span> 
     </span>
    </p>
   </div>
   <div class='ocr_carea' id='block_1_6' title="bbox 168 2239 1272 3834">
    <p class='ocr_par' dir='ltr' id='par_1_7' title="bbox 168 2239 1272 3834">
     <span class='ocr_line' id='line_1_18' title="bbox 270 2239 1272 2324; baseline -0.001 -17"><span class='ocrx_word' id='word_1_124' title='bbox 270 2243 448 2308; x_wconf 85' lang='lat' dir='ltr'>Divisiones</span> <span class='ocrx_word' id='word_1_125' title='bbox 470 2239 606 2305; x_wconf 80' lang='lat' dir='ltr'>refertae</span> <span class='ocrx_word' id='word_1_126' title='bbox 629 2246 711 2307; x_wconf 76' lang='lat' dir='ltr'>sunt,</span> <span class='ocrx_word' id='word_1_127' title='bbox 726 2241 1010 2323; x_wconf 71' lang='lat' dir='ltr'>neglegendarum.</span> <span class='ocrx_word' id='word_1_128' title='bbox 1040 2261 1117 2324; x_wconf 84' lang='lat' dir='ltr'>ergo</span> <span class='ocrx_word' id='word_1_129' title='bbox 1137 2242 1272 2322; x_wconf 85' lang='lat' dir='ltr'>scriptor</span> 
     </span>
     <span class='ocr_line' id='line_1_19' title="bbox 172 2342 1270 2424; baseline -0.002 -14"><span class='ocrx_word' id='word_1_130' title='bbox 172 2345 246 2410; x_wconf 87' lang='lat' dir='ltr'>serii</span> <span class='ocrx_word' id='word_1_131' title='bbox 267 2343 347 2408; x_wconf 91' lang='lat' dir='ltr'>nihil</span> <span class='ocrx_word' id='word_1_132' title='bbox 368 2344 413 2408; x_wconf 91' lang='lat' dir='ltr'>eis</span> <span class='ocrx_word' id='word_1_133' title='bbox 434 2342 534 2408; x_wconf 91' lang='lat' dir='ltr'>voluit</span> <span class='ocrx_word' id='word_1_134' title='bbox 555 2342 692 2421; x_wconf 88' lang='lat' dir='ltr'>assequi.</span> <span class='ocrx_word' id='word_1_135' title='bbox 724 2343 884 2424; x_wconf 91' lang='lat' dir='ltr'>proposito</span> <span class='ocrx_word' id='word_1_136' title='bbox 905 2360 968 2407; x_wconf 92' lang='lat' dir='ltr'>nou</span> <span class='ocrx_word' id='word_1_137' title='bbox 983 2345 1086 2408; x_wconf 93' lang='lat' dir='ltr'>solum</span> <span class='ocrx_word' id='word_1_138' title='bbox 1100 2342 1270 2408; x_wconf 90' lang='lat' dir='ltr'>identidem</span> 
     </span>
     <span class='ocr_line' id='line_1_20' title="bbox 172 2442 1271 2525; baseline -0.002 -15"><span class='ocrx_word' id='word_1_139' title='bbox 172 2446 323 2510; x_wconf 85' lang='lat' dir='ltr'>excidunt</span> <span class='ocrx_word' id='word_1_140' title='bbox 345 2448 378 2508; x_wconf 90' lang='lat' dir='ltr'>et</span> <span class='ocrx_word' id='word_1_141' title='bbox 399 2461 500 2523; x_wconf 89' lang='lat' dir='ltr'>usque</span> <span class='ocrx_word' id='word_1_142' title='bbox 527 2443 568 2507; x_wconf 87' lang='lat' dir='ltr'>ad</span> <span class='ocrx_word' id='word_1_143' title='bbox 596 2442 691 2507; x_wconf 88' lang='lat' dir='ltr'>finem</span> <span class='ocrx_word' id='word_1_144' title='bbox 716 2443 796 2508; x_wconf 88' lang='lat' dir='ltr'>nihil</span> <span class='ocrx_word' id='word_1_145' title='bbox 824 2443 950 2509; x_wconf 92' lang='lat' dir='ltr'>omnino</span> <span class='ocrx_word' id='word_1_146' title='bbox 977 2442 1125 2525; x_wconf 86' lang='lat' dir='ltr'>efficiunt,</span> <span class='ocrx_word' id='word_1_147' title='bbox 1160 2463 1271 2509; x_wconf 86' lang='lat' dir='ltr'>verum</span> 
     </span>
     <span class='ocr_line' id='line_1_21' title="bbox 171 2541 1271 2627; baseline 0.001 -18"><span class='ocrx_word' id='word_1_148' title='bbox 171 2546 266 2611; x_wconf 88' lang='lat' dir='ltr'>etiam</span> <span class='ocrx_word' id='word_1_149' title='bbox 289 2543 466 2624; x_wconf 83' lang='lat' dir='ltr'>depravant</span> <span class='ocrx_word' id='word_1_150' title='bbox 487 2560 569 2622; x_wconf 89' lang='lat' dir='ltr'>quae</span> <span class='ocrx_word' id='word_1_151' title='bbox 589 2541 668 2608; x_wconf 90' lang='lat' dir='ltr'>bene</span> <span class='ocrx_word' id='word_1_152' title='bbox 691 2563 724 2609; x_wconf 90' lang='lat' dir='ltr'>se</span> <span class='ocrx_word' id='word_1_153' title='bbox 746 2544 864 2610; x_wconf 89' lang='lat' dir='ltr'>habent</span> <span class='ocrx_word' id='word_1_154' title='bbox 886 2551 920 2610; x_wconf 86' lang='lat' dir='ltr'>et</span> <span class='ocrx_word' id='word_1_155' title='bbox 933 2544 975 2610; x_wconf 91' lang='lat' dir='ltr'>ad</span> <span class='ocrx_word' id='word_1_156' title='bbox 995 2545 1130 2626; x_wconf 88' lang='lat' dir='ltr'>ineptias</span> <span class='ocrx_word' id='word_1_157' title='bbox 1150 2546 1271 2627; x_wconf 85' lang='lat' dir='ltr'>gravis·</span> 
     </span>
     <span class='ocr_line' id='line_1_22' title="bbox 170 2644 1272 2725; baseline 0 -16"><span class='ocrx_word' id='word_1_158' title='bbox 170 2646 337 2724; x_wconf 90' lang='lat' dir='ltr'>simosque,</span> <span class='ocrx_word' id='word_1_159' title='bbox 362 2644 417 2723; x_wconf 93' lang='lat' dir='ltr'>qui</span> <span class='ocrx_word' id='word_1_160' title='bbox 439 2661 508 2707; x_wconf 89' lang='lat' dir='ltr'>esse</span> <span class='ocrx_word' id='word_1_161' title='bbox 531 2648 672 2724; x_wconf 89' lang='lat' dir='ltr'>possunt,</span> <span class='ocrx_word' id='word_1_162' title='bbox 696 2661 819 2708; x_wconf 89' lang='lat' dir='ltr'>errores</span> <span class='ocrx_word' id='word_1_163' title='bbox 834 2645 886 2725; x_wconf 74' lang='grc'>180)</span> <span class='ocrx_word' id='word_1_164' title='bbox 905 2645 1078 2710; x_wconf 89' lang='lat' dir='ltr'>deducunt:</span> <span class='ocrx_word' id='word_1_165' title='bbox 1099 2662 1175 2724; x_wconf 87' lang='lat' dir='ltr'>ergo</span> <span class='ocrx_word' id='word_1_166' title='bbox 1188 2644 1272 2710; x_wconf 89' lang='lat' dir='ltr'>hauc</span> 
     </span>
     <span class='ocr_line' id='line_1_23' title="bbox 169 2743 1272 2826; baseline 0 -15"><span class='ocrx_word' id='word_1_167' title='bbox 169 2743 354 2810; x_wconf 87' lang='lat' dir='ltr'>methodum</span> <span class='ocrx_word' id='word_1_168' title='bbox 376 2745 412 2821; x_wconf 88' lang='lat' dir='ltr'>is,</span> <span class='ocrx_word' id='word_1_169' title='bbox 438 2745 491 2823; x_wconf 89' lang='lat' dir='ltr'>qui</span> <span class='ocrx_word' id='word_1_170' title='bbox 513 2743 592 2808; x_wconf 88' lang='lat' dir='ltr'>haec</span> <span class='ocrx_word' id='word_1_171' title='bbox 613 2744 747 2823; x_wconf 89' lang='lat' dir='ltr'>scripsit,</span> <span class='ocrx_word' id='word_1_172' title='bbox 770 2745 838 2824; x_wconf 90' lang='lat' dir='ltr'>ipse</span> <span class='ocrx_word' id='word_1_173' title='bbox 857 2745 1062 2826; x_wconf 87' lang='lat' dir='ltr'>improbavit:</span> <span class='ocrx_word' id='word_1_174' title='bbox 1096 2763 1181 2826; x_wconf 83' lang='lat' dir='ltr'>ergo,</span> <span class='ocrx_word' id='word_1_175' title='bbox 1213 2745 1272 2811; x_wconf 89' lang='lat' dir='ltr'>uisi</span> 
     </span>
     <span class='ocr_line' id='line_1_24' title="bbox 169 2842 1272 2921; baseline 0 -11"><span class='ocrx_word' id='word_1_176' title='bbox 169 2864 190 2910; x_wconf 90' lang='lat' dir='ltr'>a</span> <span class='ocrx_word' id='word_1_177' title='bbox 212 2843 345 2909; x_wconf 85' lang='lat' dir='ltr'>Platone</span> <span class='ocrx_word' id='word_1_178' title='bbox 373 2843 488 2906; x_wconf 91' lang='lat' dir='ltr'>librum</span> <span class='ocrx_word' id='word_1_179' title='bbox 515 2842 687 2921; x_wconf 86' lang='lat' dir='ltr'>abiudicas‚</span> <span class='ocrx_word' id='word_1_180' title='bbox 719 2844 884 2910; x_wconf 87' lang='lat' dir='ltr'>Platonica</span> <span class='ocrx_word' id='word_1_181' title='bbox 912 2845 1077 2910; x_wconf 87' lang='lat' dir='ltr'>dialectica</span> <span class='ocrx_word' id='word_1_182' title='bbox 1107 2843 1187 2910; x_wconf 89' lang='lat' dir='ltr'>haec</span> <span class='ocrx_word' id='word_1_183' title='bbox 1208 2864 1272 2911; x_wconf 93' lang='lat' dir='ltr'>uon</span> 
     </span>
     <span class='ocr_line' id='line_1_25' title="bbox 170 2942 1272 3026; baseline 0.001 -16"><span class='ocrx_word' id='word_1_184' title='bbox 170 2951 228 3010; x_wconf 88' lang='lat' dir='ltr'>est.</span> <span class='ocrx_word' id='word_1_185' title='bbox 272 2943 355 3020; x_wconf 84' lang='lat' dir='ltr'>Quid</span> <span class='ocrx_word' id='word_1_186' title='bbox 385 2942 444 3008; x_wconf 93' lang='lat' dir='ltr'>hoc</span> <span class='ocrx_word' id='word_1_187' title='bbox 474 2945 680 3009; x_wconf 86' lang='lat' dir='ltr'>aversemur?</span> <span class='ocrx_word' id='word_1_188' title='bbox 728 2943 863 3008; x_wconf 85' lang='lat' dir='ltr'>Solusne</span> <span class='ocrx_word' id='word_1_189' title='bbox 887 2944 980 3011; x_wconf 88' lang='lat' dir='ltr'>Plato</span> <span class='ocrx_word' id='word_1_190' title='bbox 1002 2946 1104 3026; x_wconf 90' lang='lat' dir='ltr'>potuit</span> <span class='ocrx_word' id='word_1_191' title='bbox 1130 2946 1272 3011; x_wconf 89' lang='lat' dir='ltr'>invenire</span> 
     </span>
     <span class='ocr_line' id='line_1_26' title="bbox 170 3044 1269 3127; baseline -0.001 -17"><span class='ocrx_word' id='word_1_192' title='bbox 170 3047 254 3126; x_wconf 92' lang='lat' dir='ltr'>quod</span> <span class='ocrx_word' id='word_1_193' title='bbox 273 3063 374 3127; x_wconf 86' lang='lat' dir='ltr'>paene</span> <span class='ocrx_word' id='word_1_194' title='bbox 397 3063 456 3111; x_wconf 89' lang='lat' dir='ltr'>sua</span> <span class='ocrx_word' id='word_1_195' title='bbox 477 3050 590 3124; x_wconf 89' lang='lat' dir='ltr'>sponte</span> <span class='ocrx_word' id='word_1_196' title='bbox 610 3062 644 3109; x_wconf 89' lang='lat' dir='ltr'>se</span> <span class='ocrx_word' id='word_1_197' title='bbox 667 3044 770 3124; x_wconf 85' lang='lat' dir='ltr'>offert,</span> <span class='ocrx_word' id='word_1_198' title='bbox 794 3046 972 3126; x_wconf 92' lang='lat' dir='ltr'>ubicunque</span> <span class='ocrx_word' id='word_1_199' title='bbox 992 3046 1139 3111; x_wconf 88' lang='lat' dir='ltr'>doctrina</span> <span class='ocrx_word' id='word_1_200' title='bbox 1158 3047 1269 3126; x_wconf 91' lang='lat' dir='ltr'>oritur,</span> 
     </span>
     <span class='ocr_line' id='line_1_27' title="bbox 169 3146 1271 3225; baseline 0 -14"><span class='ocrx_word' id='word_1_201' title='bbox 169 3147 220 3211; x_wconf 88' lang='lat' dir='ltr'>cui</span> <span class='ocrx_word' id='word_1_202' title='bbox 232 3146 514 3211; x_wconf 89' lang='lat' dir='ltr'>variarumrerum</span> <span class='ocrx_word' id='word_1_203' title='bbox 535 3147 625 3225; x_wconf 88' lang='lat' dir='ltr'>copia</span> <span class='ocrx_word' id='word_1_204' title='bbox 646 3146 679 3209; x_wconf 90' lang='lat' dir='ltr'>iu</span> <span class='ocrx_word' id='word_1_205' title='bbox 695 3147 814 3212; x_wconf 89' lang='lat' dir='ltr'>classes</span> <span class='ocrx_word' id='word_1_206' title='bbox 832 3146 1037 3212; x_wconf 89' lang='lat' dir='ltr'>describenda</span> <span class='ocrx_word' id='word_1_207' title='bbox 1057 3152 1090 3210; x_wconf 90' lang='lat' dir='ltr'>et</span> <span class='ocrx_word' id='word_1_208' title='bbox 1105 3146 1271 3211; x_wconf 91' lang='lat' dir='ltr'>iniustum</span> 
     </span>
     <span class='ocr_line' id='line_1_28' title="bbox 169 3244 1270 3328; baseline 0.001 -16"><span class='ocrx_word' id='word_1_209' title='bbox 169 3247 311 3312; x_wconf 89' lang='lat' dir='ltr'>ordinem</span> <span class='ocrx_word' id='word_1_210' title='bbox 324 3244 496 3328; x_wconf 86' lang='lat' dir='ltr'>redigenda</span> <span class='ocrx_word' id='word_1_211' title='bbox 510 3247 579 3310; x_wconf 78' lang='lat' dir='ltr'>est?</span> <span class='ocrx_word' id='word_1_212' title='bbox 602 3248 750 3326; x_wconf 88' lang='lat' dir='ltr'>equidem</span> <span class='ocrx_word' id='word_1_213' title='bbox 764 3249 871 3327; x_wconf 86' lang='lat' dir='ltr'>etiam,</span> <span class='ocrx_word' id='word_1_214' title='bbox 895 3267 966 3312; x_wconf 89' lang='lat' dir='ltr'>eum</span> <span class='ocrx_word' id='word_1_215' title='bbox 989 3253 1112 3313; x_wconf 88' lang='lat' dir='ltr'>attente</span> <span class='ocrx_word' id='word_1_216' title='bbox 1132 3248 1203 3328; x_wconf 82' lang='lat' dir='ltr'>lego</span> <span class='ocrx_word' id='word_1_217' title='bbox 1225 3248 1270 3313; x_wconf 93' lang='lat' dir='ltr'>lo·</span> 
     </span>
     <span class='ocr_line' id='line_1_29' title="bbox 170 3348 1271 3429; baseline 0 -17"><span class='ocrx_word' id='word_1_218' title='bbox 170 3365 222 3412; x_wconf 87' lang='lat' dir='ltr'>cos</span> <span class='ocrx_word' id='word_1_219' title='bbox 243 3348 380 3412; x_wconf 88' lang='lat' dir='ltr'>Phaedri</span> <span class='ocrx_word' id='word_1_220' title='bbox 409 3349 504 3412; x_wconf 81' lang='lat' dir='ltr'><strong>266ss</strong></span> <span class='ocrx_word' id='word_1_221' title='bbox 526 3348 692 3429; x_wconf 85' lang='lat' dir='ltr'>Sophistae</span> <span class='ocrx_word' id='word_1_222' title='bbox 716 3349 811 3413; x_wconf 80' lang='lat' dir='ltr'><strong>264E</strong></span> <span class='ocrx_word' id='word_1_223' title='bbox 830 3355 922 3427; x_wconf 76' lang='lat' dir='ltr'>extr,</span> <span class='ocrx_word' id='word_1_224' title='bbox 952 3350 1088 3429; x_wconf 81' lang='lat' dir='ltr'>vestigia</span> <span class='ocrx_word' id='word_1_225' title='bbox 1114 3348 1271 3429; x_wconf 89' lang='lat' dir='ltr'>quaedam</span> 
     </span>
     <span class='ocr_line' id='line_1_30' title="bbox 169 3447 1270 3529; baseline 0 -18"><span class='ocrx_word' id='word_1_226' title='bbox 169 3447 246 3512; x_wconf 93' lang='lat' dir='ltr'>mihi</span> <span class='ocrx_word' id='word_1_227' title='bbox 272 3448 380 3512; x_wconf 84' lang='lat' dir='ltr'>videor</span> <span class='ocrx_word' id='word_1_228' title='bbox 409 3448 653 3529; x_wconf 89' lang='lat' dir='ltr'>deprehendere,</span> <span class='ocrx_word' id='word_1_229' title='bbox 684 3451 781 3515; x_wconf 91' lang='lat' dir='ltr'>etiam</span> <span class='ocrx_word' id='word_1_230' title='bbox 810 3451 850 3515; x_wconf 82' lang='lat' dir='ltr'>sb</span> <span class='ocrx_word' id='word_1_231' title='bbox 880 3449 952 3514; x_wconf 90' lang='lat' dir='ltr'>aliis</span> <span class='ocrx_word' id='word_1_232' title='bbox 980 3449 1062 3515; x_wconf 90' lang='lat' dir='ltr'>hanc</span> <span class='ocrx_word' id='word_1_233' title='bbox 1086 3449 1270 3515; x_wconf 87' lang='lat' dir='ltr'>methodum</span> 
     </span>
     <span class='ocr_line' id='line_1_31' title="bbox 169 3548 1270 3632; baseline 0 -18"><span class='ocrx_word' id='word_1_234' title='bbox 169 3548 267 3615; x_wconf 90' lang='lat' dir='ltr'>fuisse</span> <span class='ocrx_word' id='word_1_235' title='bbox 287 3549 504 3615; x_wconf 84' lang='lat' dir='ltr'>exercitatam.</span> <span class='ocrx_word' id='word_1_236' title='bbox 537 3550 651 3614; x_wconf 91' lang='lat' dir='ltr'>horum</span> <span class='ocrx_word' id='word_1_237' title='bbox 673 3551 771 3632; x_wconf 84' lang='lat' dir='ltr'>igitur</span> <span class='ocrx_word' id='word_1_238' title='bbox 792 3552 994 3616; x_wconf 86' lang='lat' dir='ltr'>arbitrariam</span> <span class='ocrx_word' id='word_1_239' title='bbox 1014 3570 1192 3632; x_wconf 88' lang='lat' dir='ltr'>parumque</span> <span class='ocrx_word' id='word_1_240' title='bbox 1213 3569 1270 3615; x_wconf 88' lang='lat' dir='ltr'>na·</span> 
     </span>
     <span class='ocr_line' id='line_1_32' title="bbox 170 3648 1271 3730; baseline 0.001 -15"><span class='ocrx_word' id='word_1_241' title='bbox 170 3650 308 3716; x_wconf 90' lang='lat' dir='ltr'>turalem</span> <span class='ocrx_word' id='word_1_242' title='bbox 335 3648 494 3715; x_wconf 89' lang='lat' dir='ltr'>dividendi</span> <span class='ocrx_word' id='word_1_243' title='bbox 522 3651 706 3717; x_wconf 88' lang='lat' dir='ltr'>methodum</span> <span class='ocrx_word' id='word_1_244' title='bbox 731 3653 883 3717; x_wconf 91' lang='lat' dir='ltr'>imitando</span> <span class='ocrx_word' id='word_1_245' title='bbox 907 3653 1000 3717; x_wconf 83' lang='lat' dir='ltr'>Plato</span> <span class='ocrx_word' id='word_1_246' title='bbox 1025 3652 1146 3730; x_wconf 89' lang='lat' dir='ltr'>irridet,</span> <span class='ocrx_word' id='word_1_247' title='bbox 1175 3652 1271 3717; x_wconf 91' lang='lat' dir='ltr'>simul</span> 
     </span>
     <span class='ocr_line' id='line_1_33' title="bbox 168 3751 1270 3834; baseline 0.002 -20"><span class='ocrx_word' id='word_1_248' title='bbox 168 3751 300 3815; x_wconf 83' lang='lat' dir='ltr'>verioris</span> <span class='ocrx_word' id='word_1_249' title='bbox 321 3751 531 3816; x_wconf 85' lang='lat' dir='ltr'>dichotomiae</span> <span class='ocrx_word' id='word_1_250' title='bbox 556 3753 772 3819; x_wconf 88' lang='lat' dir='ltr'>fundamentis</span> <span class='ocrx_word' id='word_1_251' title='bbox 793 3754 897 3819; x_wconf 88' lang='lat' dir='ltr'>media</span> <span class='ocrx_word' id='word_1_252' title='bbox 918 3755 990 3818; x_wconf 92' lang='lat' dir='ltr'>libri</span> <span class='ocrx_word' id='word_1_253' title='bbox 1009 3758 1109 3834; x_wconf 80' lang='lat' dir='ltr'>parte,</span> <span class='ocrx_word' id='word_1_254' title='bbox 1135 3763 1172 3818; x_wconf 90' lang='lat' dir='ltr'>ut</span> <span class='ocrx_word' id='word_1_255' title='bbox 1190 3752 1270 3818; x_wconf 84' lang='lat' dir='ltr'>ridi·</span> 
     </span>
    </p>
   </div>
   <div class='ocr_carea' id='block_1_7' title="bbox 168 4027 1270 4540">
    <p class='ocr_par' dir='ltr' id='par_1_8' title="bbox 270 4027 845 4099">
     <span class='ocr_line' id='line_1_34' title="bbox 270 4027 845 4099; baseline 0.01 -19"><span class='ocrx_word' id='word_1_256' title='bbox 270 4028 331 4098; x_wconf 78' lang='lat'>128)</span> <span class='ocrx_word' id='word_1_257' title='bbox 350 4027 488 4092; x_wconf 87' lang='lat' dir='ltr'>Zeller‚</span> <span class='ocrx_word' id='word_1_258' title='bbox 506 4028 555 4083; x_wconf 92' lang='lat' dir='ltr'>Ph.</span> <span class='ocrx_word' id='word_1_259' title='bbox 574 4029 601 4083; x_wconf 91' lang='lat' dir='ltr'>d.</span> <span class='ocrx_word' id='word_1_260' title='bbox 620 4029 668 4084; x_wconf 86' lang='lat' dir='ltr'>Gr.</span> <span class='ocrx_word' id='word_1_261' title='bbox 687 4030 723 4093; x_wconf 89' lang='lat'>11,</span> <span class='ocrx_word' id='word_1_262' title='bbox 742 4048 769 4099; x_wconf 92' lang='lat' dir='ltr'>p.</span> <span class='ocrx_word' id='word_1_263' title='bbox 784 4034 845 4086; x_wconf 84' lang='lat'>700.</span> 
     </span>
    </p>

    <p class='ocr_par' dir='ltr' id='par_1_9' title="bbox 168 4115 1270 4275">
     <span class='ocr_line' id='line_1_35' title="bbox 269 4115 1270 4189; baseline 0.006 -21"><span class='ocrx_word' id='word_1_264' title='bbox 269 4118 330 4185; x_wconf 82' lang='lat'><strong>129)</strong></span> <span class='ocrx_word' id='word_1_265' title='bbox 349 4115 657 4171; x_wconf 87' lang='lat' dir='ltr'>Schleiermacher</span> <span class='ocrx_word' id='word_1_266' title='bbox 675 4121 757 4188; x_wconf 89' lang='lat' dir='ltr'>p.88.</span> <span class='ocrx_word' id='word_1_267' title='bbox 775 4117 1002 4189; x_wconf 86' lang='lat' dir='ltr'>Steinhartp.</span> <span class='ocrx_word' id='word_1_268' title='bbox 1015 4119 1077 4173; x_wconf 82' lang='lat'>435.</span> <span class='ocrx_word' id='word_1_269' title='bbox 1096 4118 1270 4174; x_wconf 89' lang='lat' dir='ltr'>Susemihl</span> 
     </span>
     <span class='ocr_line' id='line_1_36' title="bbox 168 4203 917 4275; baseline -0.003 -17"><span class='ocrx_word' id='word_1_270' title='bbox 168 4220 195 4271; x_wconf 87' lang='lat' dir='ltr'>p.</span> <span class='ocrx_word' id='word_1_271' title='bbox 209 4204 322 4258; x_wconf 56' lang='lat'>2924.</span> <span class='ocrx_word' id='word_1_272' title='bbox 341 4203 520 4258; x_wconf 89' lang='lat' dir='ltr'>Deuschle</span> <span class='ocrx_word' id='word_1_273' title='bbox 538 4224 565 4274; x_wconf 94' lang='lat' dir='ltr'>p.</span> <span class='ocrx_word' id='word_1_274' title='bbox 580 4208 633 4262; x_wconf 83' lang='lat'>308</span> <span class='ocrx_word' id='word_1_275' title='bbox 648 4225 675 4259; x_wconf 90' lang='lat' dir='ltr'>n.</span> <span class='ocrx_word' id='word_1_276' title='bbox 693 4205 796 4260; x_wconf 88' lang='lat' dir='ltr'>Muuk</span> <span class='ocrx_word' id='word_1_277' title='bbox 814 4225 841 4275; x_wconf 95' lang='lat' dir='ltr'>p.</span> <span class='ocrx_word' id='word_1_278' title='bbox 854 4207 917 4261; x_wconf 84' lang='lat'>425.</span> 
     </span>
    </p>

    <p class='ocr_par' dir='ltr' id='par_1_10' title="bbox 168 4291 1270 4540">
     <span class='ocr_line' id='line_1_37' title="bbox 270 4291 1270 4362; baseline 0.005 -19"><span class='ocrx_word' id='word_1_279' title='bbox 270 4293 330 4360; x_wconf 85' lang='lat'>130)</span> <span class='ocrx_word' id='word_1_280' title='bbox 348 4291 421 4344; x_wconf 92' lang='lat' dir='ltr'>Dum</span> <span class='ocrx_word' id='word_1_281' title='bbox 441 4291 495 4344; x_wconf 90' lang='lat' dir='ltr'>def.</span> <span class='ocrx_word' id='word_1_282' title='bbox 508 4291 546 4344; x_wconf 80' lang='lat' dir='ltr'>VI</span> <span class='ocrx_word' id='word_1_283' title='bbox 564 4291 745 4362; x_wconf 88' lang='lat' dir='ltr'>philosophus</span> <span class='ocrx_word' id='word_1_284' title='bbox 763 4298 792 4347; x_wconf 86' lang='lat' dir='ltr'>et</span> <span class='ocrx_word' id='word_1_285' title='bbox 809 4294 934 4362; x_wconf 84' lang='lat' dir='ltr'>sophista</span> <span class='ocrx_word' id='word_1_286' title='bbox 952 4299 1163 4362; x_wconf 80' lang='lat' dir='ltr'>permutantur3</span> <span class='ocrx_word' id='word_1_287' title='bbox 1180 4294 1270 4362; x_wconf 87' lang='lat' dir='ltr'>qualis</span> 
     </span>
     <span class='ocr_line' id='line_1_38' title="bbox 168 4378 1269 4451; baseline 0.005 -20"><span class='ocrx_word' id='word_1_288' title='bbox 168 4380 346 4446; x_wconf 85' lang='lat' dir='ltr'>permutatio.</span> <span class='ocrx_word' id='word_1_289' title='bbox 376 4396 447 4447; x_wconf 86' lang='lat' dir='ltr'>quae</span> <span class='ocrx_word' id='word_1_290' title='bbox 467 4378 576 4433; x_wconf 86' lang='lat' dir='ltr'>Socrati</span> <span class='ocrx_word' id='word_1_291' title='bbox 600 4386 662 4434; x_wconf 87' lang='lat' dir='ltr'>erat</span> <span class='ocrx_word' id='word_1_292' title='bbox 680 4383 779 4434; x_wconf 90' lang='lat' dir='ltr'>mortis</span> <span class='ocrx_word' id='word_1_293' title='bbox 798 4398 904 4445; x_wconf 87' lang='lat' dir='ltr'>caussa,</span> <span class='ocrx_word' id='word_1_294' title='bbox 928 4382 1039 4436; x_wconf 85' lang='lat' dir='ltr'>Platoni</span> <span class='ocrx_word' id='word_1_295' title='bbox 1057 4382 1193 4451; x_wconf 90' lang='lat' dir='ltr'>imprimis</span> <span class='ocrx_word' id='word_1_296' title='bbox 1212 4400 1269 4436; x_wconf 90' lang='lat' dir='ltr'>orn·</span> 
     </span>
     <span class='ocr_line' id='line_1_39' title="bbox 168 4466 843 4540; baseline 0.003 -22"><span class='ocrx_word' id='word_1_297' title='bbox 168 4466 245 4519; x_wconf 91' lang='lat' dir='ltr'>nium</span> <span class='ocrx_word' id='word_1_298' title='bbox 263 4466 411 4520; x_wconf 85' lang='lat' dir='ltr'>videbatur</span> <span class='ocrx_word' id='word_1_299' title='bbox 430 4485 490 4522; x_wconf 84' lang='lat' dir='ltr'>esse</span> <span class='ocrx_word' id='word_1_300' title='bbox 508 4486 636 4522; x_wconf 88' lang='lat' dir='ltr'>errorum</span> <span class='ocrx_word' id='word_1_301' title='bbox 654 4471 843 4540; x_wconf 79' lang='lat' dir='ltr'>gravissimus.</span> 
     </span>
    </p>
   </div>
   <div class='ocr_carea' id='block_1_8' title="bbox 0 0 1504 5070">
    <p class='ocr_par' dir='ltr' id='par_1_11' title="bbox 0 0 1504 5070">
     <span class='ocr_line' id='line_1_40' title="bbox 0 0 1504 5070; baseline 0 0"><span class='ocrx_word' id='word_1_302' title='bbox 0 0 1504 5070; x_wconf 95' lang='lat' dir='ltr'> </span> 
     </span>
    </p>
   </div>
  </div>
 </body>
</html>
