3000 5070
758 451 798 513 20

332 633 395 700 Sed
411 631 495 713 quid,
519 647 590 694 cum
613 633 700 694 certa
722 629 936 710 suppeditent,
959 649 1088 696 sensum
1112 631 1328 709 aestheticum,

231 754 298 800 rem
317 739 385 800 tam
408 732 537 799 dubiam
558 730 787 810 imploramus?
808 731 956 796 nolumus
980 750 1112 796 exorare
1131 749 1213 811 quae
1236 748 1330 812 expo·

232 853 318 901 scere
331 849 509 916 possumus.
533 829 751 912 profligabitur
762 831 844 895 enim
856 830 989 895 Bonitzii
1004 832 1183 896 coniectura
1195 832 1262 912 ipso
1283 848 1331 895 se·

232 937 350 1018 ptimae
365 931 555 1000 definitionis
571 929 719 994 instituto
741 931 848 1011 paullo
866 932 1044 996 accuratius
1061 932 1266 1010 considerato,
1291 933 1330 996 si·

231 1037 362 1115 mulque
383 1034 512 1098 tandem
536 1029 591 1095 illa
615 1031 768 1112 quaestio,
790 1031 872 1096 sitne
891 1031 1010 1113 dialogi
1036 1032 1201 1097 consilium
1219 1031 1252 1095 in
1272 1030 1332 1095 hac

232 1135 393 1202 exteriore
412 1138 504 1214 parte
526 1132 752 1212 quaerendum,
776 1132 816 1196 ad
839 1132 959 1197 exitum
980 1131 1121 1197 ducetur.

334 1234 533 1315 Quamquam
550 1250 753 1313 nequaquam
774 1236 875 1296 totam
888 1232 969 1298 hano
984 1238 1109 1314 partem
1131 1220 1330 1298 contemnen-

233 1339 308 1403 dam
330 1350 501 1400 censemus.
535 1333 567 1397 in
599 1349 662 1412 qua
693 1335 726 1396 et
755 1332 818 1396 alia
851 1333 952 1398 multa
987 1334 1114 1414 egregia
1127 1334 1167 1415 ⁸⁶)
1195 1331 1332 1397 ethaeo

233 1437 389 1518 imprimis
410 1433 577 1512 sententia,
604 1437 641 1497 ut
662 1433 804 1498 interiori
824 1434 908 1514 parti
929 1433 1081 1515 proxima,
1114 1433 1159 1498 ita
1182 1433 1331 1510 omnium,

233 1556 315 1619 quae
336 1537 377 1602 de
397 1535 539 1616 sophista
559 1534 618 1599 hoo
639 1534 719 1599 libro
738 1534 945 1614 disseruntur,
968 1536 1061 1615 longe
1081 1532 1333 1616 praeclarissima

232 1637 310 1702 mihi
331 1637 457 1703 videtur
486 1652 565 1715 esse,
600 1635 851 1716 sophistam
883 1651 965 1698 non
999 1653 1085 1699 rem
1116 1634 1235 1715 sequi
1262 1631 1332 1697 sed

233 1738 432 1819 speciem,
455 1754 531 1802 non
551 1735 759 1800 veritatem
789 1734 858 1801 sed
880 1735 1136 1800 mendacium.
1169 1733 1228 1798 hoc
1249 1733 1333 1797 dicto

237 1839 388 1921 grandius
410 1837 573 1918 pleniusve
595 1836 635 1900 de
659 1835 712 1912 eis,
735 1852 813 1914 quos
826 1834 920 1900 Plato
940 1836 1015 1900 dicit
1036 1835 1194 1916 sophistas
1216 1869 1256 1880 —
1277 1851 1334 1898 nos

234 1940 317 2005 enim
339 1939 403 2004 iam
422 1937 518 2002 aliter
538 1937 579 2002 de
599 1935 663 2000 illis
685 1935 864 2015 rectiusque
884 1935 1110 2001 iudicamus-
1122 1952 1225 2015 neque
1246 1933 1333 1999 aliud

236 2040 408 2121 quidquam
431 2038 517 2119 apud
537 2032 759 2118 philosophum
781 2035 842 2101 dici
866 2037 1003 2115 memini,
1039 2041 1142 2117 nequ‘e
1169 2034 1333 2100 laudatum

234 2140 322 2205 illum
347 2159 368 2205 a
389 2137 676 2204 Schaarschmidtio
703 2135 747 2219 (p.
762 2137 834 2219 197)
855 2136 1113 2217 laudandumque
1143 2134 1334 2216 reipublicae

235 2351 311 2421 quod
337 2351 472 2406 refutatio
493 2381 526 2390 -
549 2350 598 2405 sed
617 2351 701 2406 etiam
718 2352 839 2417 omnino,
856 2352 991 2418 tanquam
1007 2367 1074 2405 vera
1092 2350 1239 2419 sophistae
1256 2351 1333 2421 prius

190 2449 192 2452 '
236 2440 306 2495 editi
324 2439 397 2493 ratio
415 2439 472 2495 iam
489 2442 551 2493 tum
569 2439 705 2508 quosdam
720 2439 835 2508 fugerit,
854 2439 942 2493 multo
961 2439 1087 2508 apertius
1106 2442 1168 2494 tota
1185 2440 1254 2494 haec
1272 2454 1333 2492 me-

235 2529 339 2583 thodus
357 2531 388 2582 et
406 2528 472 2581 dum
484 2528 633 2582 adhibetur
646 2531 675 2582 et
687 2527 752 2581 dum
765 2527 983 2594 commendatur,
1000 2527 1115 2581 immani
1132 2527 1335 2597 perstringitur

234 2615 366 2670 ludibrio.
385 2615 470 2669 modo
488 2617 583 2669 tecum
601 2619 723 2685 reputes,
750 2613 818 2683 quid
834 2631 886 2682 per
905 2614 996 2682 prima
1012 2613 1039 2667 X
1056 2615 1150 2683 capita
1175 2617 1334 2684 quaeratur,

236 2703 376 2772 quomodo
395 2708 555 2771 quaeratur,
577 2719 645 2772 quas
666 2701 808 2756 dividendi
828 2702 939 2770 regulas
956 2701 1069 2756 Eleates
1087 2705 1207 2772 promat.
1228 2700 1335 2756 -Sed

235 2793 300 2843 sunt
314 2793 461 2858 praeterea
473 2789 652 2842 -fateor-
663 2790 691 2842 in
702 2789 831 2857 Politico,
842 2804 912 2857 quae
925 2789 1016 2842 minus
1036 2789 1194 2858 expeditam
1214 2789 1335 2844 habeant

236 2876 467 2946 explicationem
488 2892 570 2944 saepe
589 2875 662 2930 enim
680 2876 754 2930 seria
773 2879 803 2930 et
826 2877 929 2941 iocosa,
958 2877 1073 2946 egregia
1097 2882 1125 2932 et
1150 2879 1247 2947 inepta
1264 2877 1335 2932 miro

235 2964 319 3018 modo
345 2963 493 3018 coniuncta
518 2963 706 3032 reperiuntur.
747 2963 933 3030 Quamobrem
961 2965 1048 3019 satius
1073 2965 1213 3033 duximus,
1235 2968 1264 3019 et
1290 2965 1335 3019 hic

235 3054 264 3106 et
282 3051 394 3105 omnino
413 3050 450 3104 ad
459 3050 618 3120 Sophistam
639 3051 834 3121 explicandum
853 3052 881 3106 in
895 3052 1026 3121 Sophiste
1045 3053 1208 3107 consistere.
1226 3069 1261 3106 ex
1280 3069 1334 3121 quo

236 3157 307 3210 quae
331 3139 521 3204 statuerimus,
551 3139 590 3193 eis
615 3157 631 3194 e
653 3140 772 3196 Politico
797 3141 888 3210 quivis
912 3144 1009 3211 postea
1032 3141 1140 3210 poterit
1163 3145 1260 3210 petere
1285 3142 1335 3194 aut

235 3227 384 3283 certiorem
402 3225 617 3283 affirmationem
638 3233 687 3283 aut
703 3229 901 3283 refutationem
918 3227 1086 3284 facillimam.

184 3319 185 3323 ’
336 3316 382 3385 36)
403 3314 509 3382 Quibus
528 3315 667 3385 imprimis
693 3334 726 3371 ea
750 3316 999 3380 adnumeraverim,
1028 3332 1098 3384 quaa
1119 3315 1154 3370 da
1172 3316 1271 3370 iuvene
1289 3315 1336 3370 dei

236 3399 319 3456 fidem
337 3402 410 3456 senis
428 3403 596 3459 auctoritate
614 3404 768 3474 accipiente
788 3405 870 3459 2651)
889 3404 1029 3474 leguntur.
1054 3421 1222 3473 quamquam
1241 3403 1275 3457 de
1292 3403 1335 3456 his

236 3507 347 3560 quoque
365 3490 476 3545 diversa
494 3491 616 3546 iudicia:
643 3491 834 3546 Steinhart
853 3494 880 3560 p.
894 3494 960 3546 433:
988 3491 1166 3546 ‘Schwerlich
1183 3490 1254 3544 wird
1271 3506 1336 3544 man

235 3577 281 3631 fuir
299 3577 361 3632 eine
379 3577 440 3632 rein
458 3578 517 3632 und
536 3579 714 3633 harmonisch
734 3579 1129 3649 gestimmtelinglingsseele
1147 3578 1192 3633 ein
1210 3577 1336 3632 bezeich-

236 3664 371 3720 nenderes
393 3665 454 3720 Lob
474 3665 578 3732 finden,
598 3667 640 3720 als
654 3667 734 3736 jones
746 3665 830 3720 Wort
847 3683 961 3721 unseres
980 3666 1107 3734 Eleaten,
1125 3667 1189 3721 dem
1201 3665 1336 3721 Theaetet

236 3753 359 3808 brancha
376 3771 442 3808 man
460 3753 505 3808 die
523 3772 579 3810 ron
597 3772 628 3808 so
638 3755 736 3808 Vielen
754 3754 922 3810 bestrittene
934 3754 1089 3821 Wahrheit‚
1106 3754 1183 3810 Alles
1196 3756 1235 3810 sei
1248 3753 1337 3809 durch

237 3839 336 3896 Gottes
353 3841 457 3897 Willen
475 3843 633 3914 geworden,
653 3842 732 3896 nicht
750 3844 810 3896 erst
827 3861 861 3895 zu
878 3844 1026 3908 beweiseu,
1045 3842 1082 3897 da
1101 3843 1149 3898 ihu
1168 3843 1242 3898 seine
1259 3840 1338 3896 treff-

236 3930 308 3984 liche
324 3928 415 3984 Natur
432 3947 504 4001 gana
522 3947 578 3985 von
596 3929 684 3984 selhst
703 3929 762 3984 und
780 3930 853 3985 ohne
864 3931 1024 4001 Belehrung
1044 3950 1078 3984 zu
1097 3931 1189 3986 dieser
1197 3929 1337 3984 Erkeunt·

236 4018 296 4072 nisa
313 4017 457 4073 hiuaiehe!
492 4016 791 4073 Sohaarschmidt
810 4035 837 4087 p.
853 4021 919 4074 185:
946 4018 1017 4089 ⁴(der
1034 4019 1172 4088 Jiingling
1189 4018 1237 4086 ist)
1257 4016 1336 4071 recht

236 4105 412 4175 haltungslos
430 4105 489 4159 und
505 4105 639 4160 auweilen
657 4105 745 4160 selbot
763 4105 869 4171 albern,
889 4125 912 4161 z.
921 4106 954 4158 Β.
975 4106 1019 4171 da,
1038 4123 1080 4161 wo
1100 4123 1131 4161 er
1148 4107 1178 4160 in
1196 4105 1337 4175 altlrluger

236 4192 383 4248 Reflexion
410 4192 479 4248 inber
509 4193 586 4248 seina
607 4192 786 4264 jugendliohe
813 4193 1071 4265 Urtheilslosiglreit
1109 4194 1168 4250 sich
1195 4192 1337 4264 ergehend

238 4279 293 4334 den
310 4278 532 4335 Monotheismus
557 4280 608 4336 auf
623 4283 770 4337 Autoritat
793 4281 843 4336 des
867 4281 986 4337 Eleates
1011 4281 1166 4335 annehmen
1184 4298 1219 4334 zu
1235 4278 1336 4333 wellen

237 4365 364 4422 erklirt.’
383 4397 416 4406 —
429 4365 513 4438 Haeo,
530 4386 566 4424 ne
584 4370 646 4440 quis
664 4369 735 4426 falso
753 4388 769 4425 a
786 4371 871 4426 nobis
889 4387 1002 4426 sensum
1020 4369 1203 4426 oestheticum
1220 4383 1336 4427 accust-

236 4457 297 4510 tum
314 4457 463 4525 queratur!
