3000 5070
723 395 764 456 47

196 576 472 657 addideritPlatq·
490 575 552 644 nisi
573 576 687 659 quibus
711 575 901 658 significaret
913 577 1179 661 ubipotissimum
1196 575 1294 644 εἰδῶν

196 676 291 763 φίλοι
311 678 482 758 quaerendi
509 679 584 760 sint,
616 697 708 745 nemo
730 679 855 759 'poterit
875 678 987 744 dicere.
1031 680 1164 746 Omnino
1187 685 1295 747 autam

197 796 315 857 eorum,
338 778 392 858 qui
414 778 454 844 de
473 779 641 861 Megaricis
664 778 812 861 cogitant,
836 778 1083 847 efficacissimum
1105 782 1231 861 quidem
1246 785 1296 850 est

139 930 141 935 .
197 884 430 961 argumentum,
453 881 539 960 quod
554 881 641 971 alios
665 897 742 960 quos
757 882 861 945 notari
876 884 1033 962 putemus,
1056 899 1119 946 non
1132 880 1293 962 habemus,

198 997 376 1059 quaerero
399 984 567 1061 praeterea
589 980 764 1062 proferunt,
791 998 829 1045 ea
850 981 918 1045 ideo
942 981 1102 1061 quadrant
1127 982 1168 1046 ad
1188 983 1295 1064 Mega·

196 1080 287 1161 ricos,
311 1081 385 1163 quia
408 1081 568 1162 quadrant
588 1080 630 1146 ad
650 1081 787 1159 Eleates
810 1081 964 1161 aquibus
984 1081 1031 1146 illi
1052 1086 1128 1147 sunt
1141 1085 1212 1149 orti.
1235 1081 1296 1159 Qui

198 1197 272 1244 vero
300 1178 383 1246 hunc
409 1181 514 1247 locum
545 1197 585 1246 ex
610 1183 756 1246 universo
784 1182 881 1247 totius
909 1183 1019 1262 partis,
1051 1183 1148 1248 totius
1179 1181 1296 1264 dialogi

197 1279 324 1344 consilio
344 1281 507 1361 ponderat,
538 1283 563 1346 is
588 1283 745 1359 concedet,
776 1281 932 1362 disputari
956 1282 1035 1346 haec
1057 1288 1167 1347 contra
1189 1299 1297 1348 omnes

197 1378 358 1445 idealistas
380 1376 490 1463 (εἰδῶν
514 1380 654 1467 φίλους),
678 1383 732 1464 qui
753 1387 786 1447 et
807 1387 964 1462 quatenus
986 1383 1110 1462 erroris,
1133 1384 1188 1463 qui
1208 1386 1296 1449 note-

197 1483 260 1559 tur,
282 1481 344 1545 sint
366 1482 546 1565 participes,
577 1480 654 1564 fingi
682 1488 790 1548 autem
818 1482 868 1548 hic
888 1484 1009 1564 poetico
1031 1484 1169 1563 quodam
1191 1484 1297 1563 vigore

199 1597 308 1645 eorum
339 1583 507 1665 imaginem
541 1583 701 1665 plerisque
734 1584 825 1649 lineis
859 1602 897 1647 ex
931 1584 1119 1651 Eleatarum
1156 1584 1298 1649 doctrina

199 1682 382 1767 desumptis,
405 1685 464 1748 nisi
488 1684 572 1766 quod
594 1684 634 1751 ad
657 1702 709 1749 eos
731 1702 855 1765 quoque
874 1684 1065 1751 extendatur
1087 1684 1296 1766 reprehensio,
1408 1738 1415 1751 a

200 1779 254 1859 qui
278 1816 313 1825 -—
336 1781 402 1846 sive
425 1781 513 1847 fuere
535 1803 687 1865 unquam,
710 1784 776 1849 sive
797 1802 858 1848 non
881 1784 971 1850 fuere
984 1784 1035 1867 ⁷⁷),
1061 1821 1099 1829 -
1121 1802 1184 1849 non
1199 1802 1297 1848 unum

198 1876 236 1944 cd
259 1868 297 1944 ὂν
317 1880 372 1946 sed
393 1883 487 1964 plura
509 1878 579 1970 εἴδη
604 1889 759 1962 statuant,
788 1884 906 1951 similes
929 1885 999 1951 illos
1027 1885 1152 1966 quidem
1180 1885 1296 1952 extrin·

198 1996 289 2047 secus
305 1982 457 2064 Platonis
484 2004 596 2052 revera
617 1989 726 2051 autern
747 2003 844 2066 puros
862 1989 958 2066 putos
980 1986 1119 2051 Eleatas.

300 2082 363 2150 Sed
393 2088 457 2150 iarn
485 2087 563 2153 satis
590 2086 630 2151 de
657 2086 716 2152 his.
747 2089 910 2153 veniamus
934 2088 1063 2153 tandem
1092 2088 1297 2165 odoramen,

201 2182 251 2247 cui
272 2184 332 2265 ipsi
354 2203 417 2250 non
437 2187 541 2260 minus
564 2207 660 2270 quam
672 2187 846 2253 adversarii
863 2206 972 2254 eorum
987 2188 1192 2253 subiciuntur.
1214 2187 1299 2268 quod

201 2286 351 2364 quoniam
372 2289 452 2354 alias
473 2288 553 2354 bene
573 2291 638 2354 iam
662 2290 840 2370 expositum
861 2290 978 2371 legitur
989 2289 1039 2373 78),
1062 2289 1209 2355 nolumus
1230 2290 1299 2370 plu·

200 2386 289 2454 ribus
310 2386 360 2454 hic
378 2407 538 2455 enarrare.
565 2390 749 2456 exhibemus
769 2392 846 2470 sola,
862 2408 951 2472 quae
971 2390 1012 2455 ad
1030 2391 1214 2457 universum
1225 2390 1299 2454 Pla·

200 2487 282 2553 tonis
304 2489 464 2559 consilium
487 2492 712 2557 illustrandum
733 2490 859 2556 saciant.

301 2591 531 2657 Materialistae
552 2597 635 2674 sunt,
657 2591 771 2673 quibus
792 2610 905 2673 corpus
928 2596 962 2657 et
981 2593 1120 2658 essentia
1142 2592 1225 2656 idem
1240 2595 1300 2657 est.

202 2694 236 2755 at
258 2691 407 2771 quoniam
437 2694 544 2758 anima
576 2693 707 2774 eiusque
730 2694 902 2773 qualitates
930 2698 963 2756 et
994 2691 1105 2758 adesse
1128 2694 1249 2773 corpori
1269 2697 1302 2757 et

203 2792 315 2859 abesse
335 2793 376 2857 ab
399 2811 436 2859 co
455 2799 596 2874 possunt,
620 2813 688 2860 esse
710 2795 807 2862 etiam
832 2812 886 2858 eas
908 2793 1140 2859 concedendum
1159 2798 1210 2859 est
1230 2811 1301 2857 con-

202 2893 341 2960 clusione
360 2893 535 2973 Platonica,
558 2913 700 2976 cumque,
722 2895 748 2960 si
770 2913 832 2959 non
853 2896 986 2974 animae,
1019 2895 1131 2960 saltem
1154 2894 1221 2960 eius
1239 2893 1301 2957 vir·

202 2998 309 3061 tutum
330 2995 514 3075 incorporea
532 3000 649 3063 natura
662 2996 771 3077 negari
784 3002 930 3076 nequeat,
952 2999 1027 3061 sunt
1039 3013 1089 3061 res
1100 2997 1302 3076 incorporeae

203 3094 223 3158 i.
251 3111 278 3158 e.
311 3087 382 3179 εἴδη
401 3094 452 3177 ⁷⁹).
489 3097 623 3161 essentia
654 3096 755 3177 igitur'
786 3132 821 3140 -
855 3097 899 3161 sic
931 3101 1089 3178 coguntur
1117 3094 1302 3161 concludere

203 3194 429 3261 materialistao
452 3232 492 3241 -
514 3196 545 3259 id
569 3203 628 3275 est,
654 3196 738 3276 quod
756 3196 818 3261 illis
839 3195 996 3276 simulque
1018 3195 1200 3276 corporibus
1219 3212 1301 3260 com·

204 3313 300 3363 mune
321 3297 371 3361 sit.
404 3296 479 3377 quid
502 3296 561 3362 hoc
579 3299 651 3363 est?
680 3291 818 3379 δύναμις
839 3297 898 3360 τοῦ
922 3298 1033 3362 ποιεῖν
1054 3288 1075 3380 ἢ
1094 3289 1245 3375 πάσχειν.
1264 3332 1299 3342 -

204 3396 401 3477 Quicumque
414 3395 579 3478 Sophistae
600 3398 726 3479 legendi
746 3399 794 3463 ius
816 3397 874 3463 sibi
895 3399 1018 3479 peperit
1034 3397 1115 3462 lecto
1129 3395 1303 3462 Theaeteto

205 3497 280 3578 quid
303 3496 382 3564 haec
401 3496 458 3563 sibi
480 3498 579 3563 velint
601 3500 709 3564 statim
731 3499 902 3582 intelleget.
933 3498 1077 3564 traduxit
1098 3497 1179 3563 euim
1202 3497 1302 3578 philo-

206 3598 322 3680 sophus
345 3599 624 3664 materialistarum
644 3599 772 3665 brutam
795 3601 884 3665 illam
908 3602 941 3663 et
963 3601 1163 3679 squalentem
1190 3589 1303 3662 odolen

306 3886 352 3954 77)
370 3883 434 3939 Alia
446 3884 572 3954 quaestio
584 3889 643 3939 est:
655 3885 791 3954 Megarici
809 3903 844 3940 an
857 3882 945 3939 πολλὰ
962 3884 1021 3950 εἴδη
1034 3881 1205 3938 statuerint?
1224 3881 1305 3951 Quod

204 3973 285 4028 nobis
303 3973 415 4041 quidem
433 3973 584 4027 verisimile
599 3990 659 4028 esso
675 3989 732 4027 non
750 3973 868 4027 videtur.

184 4054 187 4059 ’
307 4063 353 4129 78)
372 4061 456 4130 Apud
473 4061 680 4125 Bonitaium,
706 4062 754 4129 qui
771 4061 900 4115 Herculis
925 4058 1023 4114 similis
1040 4058 1147 4128 Augias
1169 4057 1304 4127 quasdam

206 4148 314 4204 cloacas
332 4148 378 4203 hic
399 4151 583 4221 perpurgavit
600 4149 638 4219 (p.
647 4151 700 4203 297
712 4168 740 4203 n.
755 4151 807 4216 10).

307 4237 444 4308 79)Ma1a
475 4256 541 4292 sane
576 4238 654 4293 ideae
683 4237 843 4292 Platonicae
869 4233 1008 4289 definitio!
1043 4232 1147 4290 Verum
1173 4233 1303 4302 quoniam

206 4326 319 4395 quaevis
336 4326 400 4381 idea
417 4329 460 4380 est
478 4344 527 4381 ens
544 4326 749 4396 incorporeum,
767 4324 885 4394 quodvis
906 4341 954 4378 ens
977 4324 1173 4392 incorporeum
1186 4351 1219 4359 -
1233 4320 1305 4373 exei-

206 4414 309 4483 pionda
327 4413 445 4469 fortasse
464 4417 556 4468 anima
578 4445 605 4454 -
625 4414 698 4478 idea,
719 4414 765 4468 hic
784 4412 912 4468 sufficiet.
