3000 5070
719 448 756 510 21

189 627 647 713 111111492111.)11111111
667 629 844 711 exprimere
867 629 1028 710 sophistae
1046 636 1196 699 naturam
1218 650 1290 714 pos·

190 749 260 796 sum
290 730 471 797 concedere.
500 748 558 794 nec
588 730 691 796 minus
720 729 817 813 digna
843 730 979 797 Platone
1010 733 1066 798 illa
1091 739 1175 814 sunt,
1208 752 1291 815 1111

189 832 286 898 etiam
305 832 339 896 in
358 829 547 897 definitionis
570 832 701 896 ultimae
720 832 860 897 tenebris
881 834 1026 915 emicant,
1048 835 1221 916 sophistam
1241 856 1289 915 ea,

188 934 228 999 de
251 934 365 1013 quibus
379 933 473 1011 dicat,
495 932 642 1013 ignorare
663 933 794 1011 eiusque
812 933 1010 1014 ignorantiae
1031 934 1207 1017 sibiipsum
1222 954 1291 1002 esse

188 1033 347 1099 conscium
377 1026 584 1116 (δοξαστικόν
608 1070 648 1078 -
670 1027 864 1115 adquirenda),
891 1035 937 1098 ita
968 1040 1005 1102 ut
1031 1053 1072 1100 ne
1101 1035 1289 1118 siquidem,

188 1137 242 1218 qui
270 1136 471 1216 inscriptione
500 1135 571 1200 libri
600 1136 719 1200 inducti
749 1134 930 1215 Sophistam
965 1138 1083 1202 adeant
1116 1137 1290 1218 sophistam

188 1237 352 1317 cognituri,
375 1253 504 1316 operam
526 1237 673 1316 perdant.
696 1237 789 1300 modo
821 1253 860 1298 ne
881 1272 920 1280 —
941 1241 978 1302 ut
998 1237 1157 1318 plerisque
1178 1240 1292 1305 accidit

188 1373 229 1380 —
250 1336 448 1402 manifestam
463 1336 598 1418 speciem
610 1337 710 1400 secuti
731 1335 772 1400 ibi
791 1354 862 1400 eum
885 1342 1050 1418 quaerant,
1072 1338 1134 1417 ubi,
1158 1339 1187 1404 si
1208 1341 1289 1404 serio

186 1455 238 1502 res
258 1443 416 1518 ageretur,
440 1438 578 1502 maxime
594 1443 681 1503 esset
700 1437 909 1516 quaerendus,
934 1438 965 1500 in
986 1438 1166 1504 definitione
1179 1441 1291 1505 ultima

186 1537 304 1616 eisque,
334 1537 447 1617 quibus
478 1538 668 1618 congeritur,
699 1537 911 1602 divisionibus.
936 1540 1021 1617 quod
1043 1539 1217 1619 probaturi,
1254 1545 1291 1605 ut

187 1643 292 1716 antea,
324 1639 369 1703 sio
396 1639 446 1703 bic
472 1655 598 1719 quoque
619 1639 756 1718 primum
787 1637 826 1703 de
849 1637 1062 1717 divisionibus,
1085 1644 1154 1704 tum
1175 1640 1214 1704 de
1236 1641 1288 1706 de

186 1737 327 1803 finitione
346 1738 497 1804 dicemus.

286 1837 331 1901 Et
358 1838 390 1901 in
417 1838 617 1903 divisionibus
645 1837 730 1918 quod
759 1856 821 1902 non
841 1837 935 1918 plura
956 1837 1178 1920 neglegentiae
1199 1842 1233 1902 et
1253 1838 1290 1903 li·

187 1940 310 2005 centiae
335 1940 473 2021 vestigia
496 1943 660 2019 apparent,
692 1939 724 2004 id
751 1939 825 2004 inde
846 1939 973 2003 videtur
1001 1938 1080 2018 fieri,
1104 1939 1189 2019 quod
1209 1938 1291 2003 aliae

187 2043 350 2121 cognatae,
380 2039 494 2119 quibus
522 2041 604 2103 sicut
631 2056 687 2102 sex
716 2039 793 2103 illae
816 2040 940 2118 priores
962 2040 1139 2121 comparari
1157 2039 1289 2119 possint,

187 2141 238 2205 hic
266 2141 390 2205 desunt.
424 2140 510 2219 quod
539 2158 614 2204 vero
644 2139 805 2204 Bonitzius
834 2145 949 2217 censet,
984 2141 1169 2220 scriptorem
1201 2139 1289 2221 vitia,

186 2259 269 2321 quae
282 2240 345 2304 illic
359 2242 502 2306 consulto
523 2240 694 2316 admiserit,
718 2238 769 2303 bic
790 2239 933 2304 consulto
955 2241 1099 2319 evitasse,
1120 2239 1153 2305 id
1176 2257 1287 2305 verum

185 2358 250 2406 non
279 2357 348 2405 esse
374 2340 470 2404 etiam
501 2341 647 2421 parciora
667 2339 816 2404 vitiorum
837 2342 984 2421 exempla
1004 2340 1169 2405 docebunt
1204 2345 1237 2405 11
1257 2341 1290 2405 11

186 2440 313 2520 quidem
345 2440 486 2520 priorum
522 2440 709 2504 divisionum
736 2440 953 2522 neglegentiae
982 2441 1172 2523 largiemur,
1204 2439 1289 2521 quod

185 2529 395 2623 ἀντιλογικός,
418 2540 527 2620 quiin
549 2539 653 2604 dciv
674 2542 808 2628 κτηεικῇ
830 2550 901 2606 erat
922 2541 1117 2619 subiunctus,
1139 2558 1224 2605 nnnc
1246 2542 1288 2606 ad

185 2658 257 2706 eam
279 2640 441 2720 sophistae
461 2638 675 2705 definitionem
691 2641 910 2706 inveniendam
924 2640 1105 2718 adhibetur,
1125 2658 1207 2721 quae
1219 2643 1291 2704 tota

185 2740 243 2806 sub
262 2741 418 2826 ποιητικῇ
444 2744 502 2817 est,
525 2741 632 2818 2323,
662 2758 765 2819 neque
793 2740 883 2805 deest
904 2742 937 2805 in
958 2738 1140 2805 definitione
1162 2740 1285 2820 ultima,

185 2842 331 2920 quamvis
353 2877 394 2887 -
414 2843 465 2906 est
493 2841 577 2905 enim
603 2841 667 2905 iam
687 2834 1024 2924 ivmcomocoloyirdg
1046 2844 1195 2907 —veste
1217 2859 1287 2923 spe·

187 2941 316 3008 ciosiore
335 2942 474 3007 indutus.
494 2979 535 2988 -
559 2943 682 3008 Certior
703 2943 905 3024 neglegentia
926 2947 986 3022 est,
1017 2942 1102 3022 quod
1121 2936 1287 3028 μιμητική,

185 3060 268 3124 quae
283 3042 377 3109 2350
397 3042 508 3108 eadem
529 3042 644 3123 iuerat,
666 3061 749 3125 1111
776 3036 1024 3126 εἰδωλοποιὶᾏιή,
1044 3047 1165 3124 postea,
1187 3045 1248 3105 267
1259 3045 1288 3108 A

184 3143 216 3207 vi
228 3147 354 3209 mutata
364 3146 565 3231 φαπαστικῇ
578 3148 612 3208 11
623 3144 717 3210 huius
730 3145 952 3209 intercessione
963 3139 1199 3230 eiduionociiq}
1214 3143 1287 3208 sub·

185 3242 280 3308 ditur.
296 3244 328 3307 iu
338 3261 400 3324 quo
411 3245 557 3324 quamvis
569 3246 738 3310 dumtaxat
747 3244 864 3326 duplici
877 3243 1016 3309 eiusdem
1028 3244 1113 3309 vocis
1123 3244 1154 3307 vi
1165 3242 1290 3324 peccari

185 3345 288 3410 dicere
309 3345 467 3426 quispiam
484 3345 599 3425 possit,
622 3345 773 3409 evitasset
791 3349 899 3409 tamen
917 3344 1013 3408 etiam
1031 3344 1091 3409 hoc
1106 3344 1249 3424 scriptor,
1261 3343 1288 3407 si

183 3444 350 3510 divisiones
366 3450 514 3510 accurate
531 3445 702 3528 procedere
719 3446 787 3509 eius
806 3443 1064 3509 1111111111.-
1081 3443 1200 3508 Eodem
1218 3444 1288 3508 loco

183 3546 331 3612 licentiae
349 3544 552 3627 opprobrium
572 3544 719 3626 scriptori
736 3544 915 3610 faciendum
933 3550 993 3610 ost.
1016 3563 1087 3609 cum
1108 3545 1189 3609 enim
1208 3565 1287 3629 pua

183 3639 318 3730 ταστική
333 3682 369 3690 -
384 3664 422 3711 ea
440 3664 501 3726 ars,
515 3663 579 3726 qua
596 3645 630 3710 in
647 3647 798 3711 imitando
814 3645 846 3709 id
862 3645 1033 3726 adpetitur,
1049 3650 1085 3709 ut
1102 3645 1223 3725 species
1240 3645 1288 3709 rei

184 3764 248 3811 non
263 3746 315 3811 sit
327 3746 383 3811 sod
400 3747 586 3812 videatur
600 3746 711 3812 similis
725 3746 766 3826 ⁸⁷)
787 3764 856 3810 -e
873 3747 920 3809 rei
932 3750 1049 3811 natura
1065 3746 1097 3809 in
1108 3763 1215 3808 rerum
1230 3750 1288 3810 ant

185 3845 353 3910 visibilium
372 3851 429 3912 aut
450 3846 651 3913 invisibilium
667 3849 843 3913 imitatione
865 3865 958 3912 suum
987 3846 1106 3910 habeat
1127 3846 1288 3911 divisionis

183 3943 435 4023 fundamentum,
458 3945 665 4026 debueritque
694 3946 735 4009 ad
755 3964 826 4010 eam
848 3946 1032 4010 divisionem
1052 3945 1225 4024 perducere
1240 3943 1286 4008 di·

184 4045 839 4129 111111111111111111111112331-234Β)
855 4046 938 4112 inter
954 4045 1168 4125 1111111111
1183 4041 1288 4109 iacere

284 4291 329 4356 37)
347 4306 372 4358 p.
392 4292 445 4344 235
452 4289 568 4343 1)-236
576 4289 604 4344 0.
625 4319 658 4328 —
676 4288 885 4358 Scenographia
903 4287 960 4355 (die
979 4287 1216 4358 perspectivisehe
1226 4287 1285 4342 111-

183 4376 264 4446 lerei)
288 4376 369 4431 huius
392 4377 463 4431 artis
487 4377 662 4446 aptissimum
686 4376 844 4445 exemplum
861 4381 911 4430 est
944 4391 996 4430 noc
1020 4381 1115 4430 111111
1132 4375 1185 4430 boc
1202 4375 1286 4429 Plato

183 4465 284 4532 utitur,
301 4469 333 4519 ut
351 4465 477 4535 plerique
495 4465 650 4533 somniant,
668 4465 718 4520 sed
735 4481 852 4534 prorsus
871 4463 936 4519 elio.
