3000 5070
713 466 751 527 15

182 641 345 736 φθορική,
358 647 507 712 nimirum
520 682 564 692 —
577 650 614 710 ut
625 650 716 726 patet
730 649 790 710 225
800 646 829 709 D
840 681 881 691 ——
899 664 952 711 ars
973 637 1162 730 ἀδολέσχου,
1184 665 1281 729 quam

184 753 286 815 artem
308 748 424 813 nemini
446 748 587 830 ignotam
609 745 693 826 quod
715 745 918 812 Steinhartus
940 744 985 828 (p.
997 747 1073 830 444)
1095 747 1282 828 dephiloso·

182 847 256 928 plris
274 848 414 924 eristicis,
439 847 607 929 Megaricis
629 847 836 927 potissimum,
860 847 983 927 accipit,
1016 846 1048 910 id
1068 844 1161 911 facile
1181 846 1281 912 infeli·

182 947 342 1012 cissimum
354 953 403 1014 est
415 965 628 1028 eorumquae
640 949 770 1012 nimium
784 948 1014 1028 interpretandi
1026 949 1131 1012 omnia
1141 947 1281 1013 studium

181 1047 215 1112 in
235 1047 383 1129 Sophiste
403 1047 563 1129 produxit,
589 1065 783 1128 quamquam
801 1047 956 1113 infelicius
968 1047 1283 1114 etiamSusemihlius

183 1146 265 1211 hanc
287 1167 354 1213 rem
374 1149 481 1228 gessit,
513 1149 566 1228 qni
595 1142 909 1234 χρηματοφθορικήν
935 1149 1012 1213 ‘sine
1033 1149 1137 1214 dubin’
1159 1150 1198 1213 de
1218 1147 1283 1212 Me·

182 1249 297 1328 garicis
326 1249 442 1313 dictam
474 1249 728 1330 1111111291)
758 1250 865 1331 eisque
893 1251 988 1313 etiam
1019 1249 1164 1332 adiungit
1191 1249 1283 1314 Anti·

186 1347 490 1430 1111111111310).
512 1383 553 1394 -
575 1349 643 1414 lam
666 1349 802 1428 denique
823 1350 901 1414 illud
921 1367 1047 1429 quoqne
1067 1351 1281 1430 intellegetur,

184 1449 269 1530 quod
282 1450 499 1529 quaerendum
516 1449 607 1513 video
623 1448 679 1513 sed
703 1467 765 1514 non
788 1451 976 1531 quaesitum,
999 1468 1054 1514 cur
1075 1450 1137 1516 def.
1150 1450 1202 1528 VI,
1219 1467 1284 1530 qna

183 1566 247 1615 non
268 1548 444 1630 sophistam
465 1549 521 1614 sed
540 1548 762 1629 phdosophnm
784 1549 915 1612 inveniri
926 1549 1086 1613 Bonitzins
1105 1548 1284 1614 luculenter

182 1648 321 1713 ostendit
333 1653 375 1730 (p.
389 1653 449 1713 308
463 1667 494 1712 n.
508 1648 571 1730 24),
584 1667 647 1712 non
663 1649 703 1713 ab
723 1648 802 1713 artis
823 1650 950 1713 notione
968 1648 1002 1712 in
1022 1650 1206 1714 universum
1227 1650 1284 1715 sed

183 1753 309 1814 scente
329 1750 634 1831 purgandinegotio
656 1748 885 1829 proficiscatur.
907 1767 978 1813 cum
1000 1751 1084 1815 enim
1105 1751 1186 1814 artis
1204 1749 1284 1814 dnae

92 1837 104 1862 ⁴
183 1853 292 1930 partes
314 1849 408 1913 Plato
430 1849 603 1926 statuisset,
623 1842 797 1933 ποιητικήν
818 1843 1080 1935 11κτητικήν-
1102 1867 1186 1930 quae
1206 1849 1283 1916 dua·

185 1949 245 2014 bus
266 1942 423 2032 κινήσεως
440 1947 587 2028 partibus
608 1948 737 2013 Theaet.
763 1953 820 2012 181
833 1947 902 2028 OD,
925 1949 1031 2013 Parm.
1057 1949 1150 2013 138ss
1171 1966 1284 2031 propo-

187 2049 256 2112 sitis
277 2048 477 2128 respondent,
495 2038 671 2112 ἀλλοιώσει
692 2042 856 2131 notuerat,
879 2041 1011 2132 κτητική
1032 2049 1122 2148 φορᾷ
1135 2083 1174 2094 -
1188 2070 1284 2132 ποιη-

188 2150 261 2235 τικῇ
282 2167 351 2213 eam
375 2148 566 2230 subiungere
587 2167 650 2214 non
667 2152 795 2229 poterat
815 2148 873 2212 nisi
894 2148 944 2213 hic
957 2149 1021 2213 iam
1042 2149 1076 2213 in
1096 2149 1198 2229 partis
1218 2167 1284 2213 me·

187 2250 259 2315 diae
282 2249 496 2315 dubitationes
516 2251 653 2317 incidere
675 2249 812 2328 volebat,
836 2251 968 2336 κτητικῇ
988 2254 1095 2315 autem
1119 2266 1189 2314 cam
1211 2247 1282 2313 sub

187 2349 263 2414 dere
284 2350 412 2416 nolebat
428 2387 467 2396 —
483 2353 568 2432 quod
591 2353 718 2432 quidem
740 2353 851 2418 eodem
873 2353 943 2417 iure
972 2353 1022 2418 vel
1043 2353 1150 2433 potins
1172 2352 1283 2417 eadem

184 2446 307 2527 iniuria,
331 2468 394 2530 qua
418 2450 482 2515 alia
504 2452 660 2531 quaedam
684 2454 713 2518 ei
736 2453 871 2536 subegit,
896 2452 1000 2518 facere
1024 2454 1283 2533 potuisset—ne

185 2547 258 2612 diva
281 2547 480 2630 philosophia
502 2552 607 2616 servili
630 2554 779 2638 κτητικῆς
803 2554 918 2636 generi,
944 2553 996 2618 cui
1025 2553 1148 2633 reliqna
1176 2550 1282 2616 omnia

183 2653 307 2730 parent,
321 2650 448 2715 subdita
462 2651 689 2731 inquinaretur.
714 2655 809 2718 immo
832 2655 994 2718 contraria
1017 2653 1084 2718 eius
1096 2658 1212 2718 natura
1231 2652 1283 2717 vel

182 2748 306 2814 diverso
329 2750 506 2816 deducendi
529 2754 623 2818 modo
648 2753 851 2833 significatur.
885 2753 1033 2819 Ceterum
1054 2753 1087 2816 in
1109 2752 1170 2818 hac
1190 2758 1283 2816 sexta

183 2849 337 2915 divisione
371 2852 453 2916 bona
482 2852 630 2932 malaque
657 2855 738 2919 miro
765 2855 857 2919 modo
888 2854 1047 2934 permixta
1068 2854 1281 2917 inveniuntur.

182 2967 257 3014 nam
280 2985 320 2995 ——
343 2956 380 3014 ut
403 2952 468 3015 alia
489 2955 613 3016 taceam
640 2955 749 3019 -cui
770 2971 832 3018 nnn
855 2954 1000 3037 placebit,
1023 2955 1140 3019 erroris
1161 2951 1279 3019 refuta·

180 3051 300 3115 tionem
323 3054 360 3115 ut
382 3052 604 3132 purgationem
628 3054 789 3132 quandam
812 3056 939 3119 animae
962 3053 1119 3136 proponi?
1158 3057 1278 3135 contra,

182 3151 231 3214 cni
255 3168 317 3215 non
341 3151 517 3232 displicebit
540 3153 660 3234 modus,
685 3171 748 3234 quo
771 3154 830 3220 hoc
851 3156 884 3219 in
899 3155 1088 3220 divisionum
1107 3154 1200 3234 quasi
1218 3159 1283 3219 tor·

183 3251 298 3316 mentis
320 3251 528 3317 distrahitur?
552 3289 592 3299 -
615 3255 669 3318 sed
683 3272 896 3335 praepropere
917 3247 1144 3338 ῥητορεύομεκ
1169 3253 1281 3318 multis

183 3353 267 3416 enim
289 3352 349 3418 hoc
378 3371 504 3433 qnoque
527 3355 655 3436 placuit.
693 3373 796 3435 neque
829 3356 860 3420 id
884 3356 1010 3435 quidem
1039 3356 1173 3435 mirum3
1209 3359 1285 3420 sunt

182 3452 267 3518 enirn
291 3453 406 3534 quibus
428 3454 533 3519 omnia
549 3455 673 3519 soleant
696 3457 831 3536 placere.
848 3455 939 3521 nobis
963 3461 1079 3535 autem,
1095 3459 1208 3537 utpote
1229 3456 1284 3536 qni

183 3553 333 3618 malimus
356 3554 541 3636 intellegere
562 3571 658 3634 quarn
673 3555 832 3635 admirari,
852 3555 1008 3636 quomodo
1024 3558 1150 3637 placere
1167 3559 1282 3637 potest,

184 3653 270 3732 quod
291 3654 449 3735 purgandi
472 3655 602 3737 imagini
631 3661 761 3738 praeter
790 3657 943 3722 salsarum
968 3658 1150 3737 opinionum
1173 3657 1284 3737 expul-

183 3753 302 3818 sionem
339 3755 435 3819 etiam
470 3756 671 3839 subiungitur
712 3757 868 3837 inscitiae,
907 3757 954 3822 rei
985 3775 1073 3821 mere
1103 3759 1281 3839 negativae,

184 3852 382 3920 emendatio?
416 3873 511 3935 quam
535 3858 618 3920 enim
639 3858 773 3923 lacunae
796 3858 971 3939 explendae
992 3859 1167 3939 comparari
1190 3857 1283 3923 facile

183 3955 328 4036 patiaris,
353 3973 422 4025 eam
446 3957 497 4020 hic
519 3957 578 4022 sub
600 3957 679 4022 labis
701 3958 855 4024 eluendae
878 3959 1047 4039 imaginem
1070 3959 1213 4024 videmus
1234 3976 1283 4024 co

184 4059 298 4121 actam.
331 4059 417 4136 quod
445 4056 676 4125 intolerabilius
704 4061 799 4124 etiam
824 4062 999 4143 apparebit,
1031 4062 1057 4127 si
1078 4063 1282 4143 spectaretis,

185 4173 268 4237 quae
289 4156 363 4222 inde
386 4163 628 4239 consequantur.
650 4160 854 4242 subiungitur
875 4163 957 4227 enim
975 4167 1145 4243 propterea
1159 4167 1283 4246 καθαρ-

184 4257 258 4344 τικῇ
280 4261 350 4321 tota
371 4257 502 4323 docendi
524 4277 585 4338 ars,
613 4256 820 4348 διδασκαλική
844 4263 947 4338 229B,
970 4263 1002 4328 id
1025 4267 1074 4328 eet
1096 4280 1159 4328 non
1181 4264 1284 4329 solum

184 4357 285 4423 omnis
296 4352 500 4443 παιδευτική,
510 4360 567 4426 sed
580 4362 677 4426 etiam
689 4381 880 4444 11111111
901 4356 936 4426 αὶ
957 4362 1182 4449 δημιουργικαὶ
1195 4363 1283 4430 dodo·

184 4456 312 4525 naeuos
324 4461 496 4528 traduntur
506 4462 618 4577 12911
632 4498 672 4511 -·
686 4466 815 4548 accedit,
832 4467 926 4553 quod,
939 4486 1010 4536 cum
1030 4470 1139 4557 ψυχῆς
1156 4470 1282 4556 καθαρ-
